1859 2979
136 145 184 172 271

772 141 800 168 S.
819 139 982 168 GREGORu
1002 140 1150 169 NYSSEM

1712 143 1762 171 172

134 209 206 231 eam,
219 208 278 235 quae
289 200 315 227 in
329 199 454 234 corporis
465 203 505 226 est
520 202 744 234 temperamento,
757 197 923 228 crassitiem.
939 199 962 228 A
975 206 1020 224 ται
1030 197 1170 233 διασαφεῖν
1185 198 1214 225 τὸ
1231 198 1386 234 λεγόμενον,
1403 198 1440 230 ὡς
1457 199 1577 235 τηλαυγῆ
1592 208 1620 226 τε
1638 199 1684 227 καὶ
1696 201 1761 236 πρό-

139 248 219 274 habet
242 245 370 281 quiddam
397 254 443 280 per
468 250 570 272 natura:
594 244 783 275 subtilitatem,
811 250 864 278 quo
881 249 926 270 res

137 293 293 329 perspicere
314 292 409 327 possit.
430 292 521 326 Neque
541 295 630 318 tamen
646 290 690 317 illa
704 294 746 317 est
766 289 818 321 vis,
835 293 864 316 ut
881 289 924 315 di-

136 344 212 366 recto
243 339 333 365 futura
362 338 490 369 declaret,
523 337 611 372 deque
642 336 675 363 iis
701 335 819 362 dilucide
845 339 925 369 atque

137 388 229 418 aperte
245 391 295 410 nos
310 383 420 409 doceat:
445 383 490 410 sed
503 387 543 409 cst
559 387 662 408 rantum
676 381 799 416 quaedam
814 380 924 413 obliqua

136 434 162 456 vt
173 429 299 464 ambigua
313 429 395 455 futuri
408 433 520 456 eventus
534 428 707 463 significatio,
721 434 801 461 quam
811 426 924 459 :enigma

138 482 248 508 vocant,
275 477 320 511 qui
348 477 373 502 in
396 476 436 502 liis
464 474 674 509 interpretandis
700 477 853 499 versantur.
880 470 925 498 Sic

139 523 184 557 qui
207 530 220 549 a
238 522 343 557 poculis
362 526 416 549 erat
437 521 581 549 Pharaoni.
605 527 652 554 per
666 525 792 545 somnum
812 517 837 543 in
855 516 924 551 regis

140 570 253 595 calicem
274 569 379 594 botrum
394 567 537 601 exprimit:
560 566 598 592 sic
618 566 704 599 pistor
724 563 855 597 ejusdem,
880 569 923 588 ca-

141 615 256 642 nistrum
276 614 325 640 sibi
348 618 453 648 gestare
468 611 618 638 videtur-⁶³.
637 611 704 642 Quia
722 609 792 635 enim
815 612 926 642 uterquc

140 661 254 695 xigilaus
284 660 325 686 his
352 659 433 685 rebus
456 656 583 691 occupari
612 662 777 690 magnopere
807 658 925 687 cuperet,

139 707 221 732 ctiam
251 714 298 741 per
327 712 450 732 somnum
479 711 510 730 ea
539 703 594 728 fieri
625 702 746 736 putabat.
776 700 927 726 Simulacra

977 243 1055 278 δηλον
1068 242 1136 272 εἷναι
1149 245 1196 279 τὴν
1217 244 1270 270 τῶν
1287 244 1474 280 προκειμένων
1491 245 1678 272 διδασκαλίαν·
1693 246 1764 272 ἀλλὰ

977 287 1040 323 λοξὴ
1055 289 1100 314 κα)Ι
1116 288 1265 323 ἀμφίὸολος
1281 288 1327 314 τοῦ
1343 288 1484 323 μέλλοντος
1494 289 1510 322 ἡ
1523 288 1635 322 δήλωσις
1649 289 1763 322 γίνεται.

977 335 1044 369 ὅπερ
1059 335 1171 369 αἴνιγμα
1186 335 1308 369 λέγουσιν
1325 336 1348 361 οἱ
1362 335 1394 361 τὰ
1410 335 1521 361 τοιαῦτα
1546 335 1762 370 ὑποκρινόμενοι.

979 379 1071 411 Οὕτως
1086 381 1099 405 ὁ
1113 381 1229 415 οἰνοχόος
1255 380 1372 407 ἐκθλίὸει
1397 380 1444 415 τὴν
1460 380 1556 415 βότρυν
1571 382 1603 416 τῇ
1615 381 1704 407 κύλικι
1718 380 1763 406 τοῦ

978 426 1077 461 Φαραώ
1089 435 1095 441 ·
1108 427 1178 452 οὕτω
1192 428 1354 461 κανηφορεῖν
1371 427 1386 452 ὁ
1406 426 1539 457 σιτοποιὸς
1556 426 1720 461 ὲφαντάσθη,
1737 427 1765 452 ὲν

978 470 1017 503 οἷς
1033 472 1092 498 καθ’
1106 472 1178 508 ὔπαρ
1195 473 1322 508 ἑκάτερος
1335 473 1383 508 τὴν
1398 472 1512 507 σπουδὴν
1526 470 1608 506 εἶχεν,
1623 473 1650 498 ἐν
1662 472 1765 502 τούτοις

978 516 1046 543 εἶναι
1064 519 1109 544 καὶ
1121 519 1163 544 διὰ
1179 518 1230 544 τῶν
1242 519 1351 554 ὀνείρων
1367 519 1497 553 οἰόμενος,
1509 519 1567 544 Τῶν
1577 519 1629 553 γὰρ
1644 518 1765 553 συνήθων

979 563 1068 594 αὐτοῖς
1082 564 1301 598 ἐπιτηδευμάτων
1312 564 1344 590 τὰ
1359 564 1453 589 εἴδωλα
1466 563 1705 598 τῷπρογνωστικῷ
1718 563 1765 597 τῆς

979 609 1066 644 ψυχῆς
1083 609 1283 641 ἐντυπωθέντα,
1300 610 1435 645 παρέσχεν
1457 611 1501 636 ἐπὶ
1523 610 1619 645 καιροῦ
1642 610 1695 635 τῶν
1719 611 1766 636 ὲκ-

981 654 1139 689 ίῖησομένων
1163 655 1207 681 διὰ
1233 656 1281 690 τῆς
1305 656 1431 691 τοιαύτης
1459 657 1506 682 τοῦ
1528 656 1573 682 νοῦ
1601 656 1766 690 προφητείας

982 700 1266 734 καταμαντεύσασθαι.

140 760 258 786 namque
280 751 432 778 studiorum
447 757 477 776 ae
492 749 564 780 vitre,
580 748 623 775 cui
637 751 825 774 assueverant.
844 746 911 780 parti
927 745 1010 771 animi
1026 746 1172 774 defuturis
1192 746 1346 781 dispicieuti
1364 748 1506 781 impressa,
1527 747 1660 775 faciebant
1679 752 1707 774 ιιι
1721 755 1768 782 per

141 798 209 823 hane
229 797 328 823 mentis
351 795 567 830 przesagitionem
583 793 724 828 quiddam,
749 793 792 818 cui
827 791 1003 826 responderet
1018 795 1141 823 eventus,
1160 793 1210 819 sibi
1227 793 1447 820 vaticinarentur.

177 843 244 870 illud
257 843 376 878 quidem,
393 843 464 877 quod
482 841 576 868 Daniel
592 845 618 868 ct
631 840 768 876 Josephus
784 843 809 867 ct
827 839 869 866 his
884 839 929 865 aiii
945 842 966 868 B
1017 838 1047 865 Εἰ
1062 839 1090 865 δὲ
1105 840 1202 875 Δανιὴλ
1219 839 1389 875 καὶἿωσὴφ,
1406 841 1453 866 καὶ
1468 841 1492 867 οἱ
1509 842 1568 868 κατ·
1579 841 1697 874 ἐκείνους
1710 843 1768 869 θεία

93 883 99 889 ¹
141 889 307 920 ‹eusimiles,
339 888 466 915 facultate
478 887 594 922 quadam
609 886 711 917 divina,
730 885 857 912 sensibus
875 884 925 910 mi-

142 936 214 962 nime
228 935 404 969 perturbatis,
425 941 516 961 rerum
544 933 699 960 suturarum
716 931 869 965 cognitione
885 931 927 956 in-

141 981 237 1008 structi
255 981 375 1013 suerunt,
401 980 469 1007 nihil
489 979 522 1006 ad
539 979 566 1006 id
583 979 616 1006 de
644 986 697 1014 quo
711 978 801 1013 agitur
821 977 927 1003 attinet.

141 1027 200 1054 Non
218 1027 290 1054 enim
309 1026 453 1061 quisquam
469 1025 527 1052 haec
540 1028 614 1052 reete
632 1024 664 1051 ad
680 1023 848 1051 somniorum
865 1022 929 1049 effe-

141 1078 184 1099 cta
201 1073 334 1105 retulerit,
360 1072 411 1099 nisi
429 1072 499 1098 sorte
518 1071 624 1098 ratione
640 1070 732 1098 eadem
754 1069 859 1096 divinas
882 1076 929 1103 ap-

141 1119 301 1154 paritiones,
323 1126 384 1153 qum
404 1117 544 1145 nonnullis
560 1116 735 1152 vigilantibus
752 1123 781 1142 se
800 1114 926 1146 offerunt,

142 1171 195 1190 non
212 1163 356 1199 peculiaria
368 1163 435 1194 visa,
448 1162 495 1190 sed
505 1164 719 1188 consentaneum
731 1167 799 1194 opus
811 1164 926 1190 naturae,

142 1213 237 1243 suapte
249 1208 272 1234 vi
288 1208 404 1243 quadam
419 1207 445 1234 id
460 1206 611 1237 efficientis,
627 1213 688 1233 esse
703 1209 813 1232 statuat.
827 1204 928 1236 Quem-

143 1254 289 1281 admodum
311 1261 385 1289 ergo,
408 1261 471 1281 cum
501 1252 625 1280 homines
646 1250 766 1278 universi
801 1257 815 1276 a
839 1252 930 1276 mente

142 1300 251 1335 propria
276 1304 415 1335 regantur,
438 1299 516 1334 pauci
541 1303 631 1326 tamen
647 1297 757 1332 quidam
782 1296 929 1327 exsistunt,

143 1346 304 1380 quibuscum
321 1345 391 1373 Deus
411 1345 557 1372 manifesto
571 1352 639 1379 pene
653 1343 814 1370 familiarem
832 1342 858 1368 in
873 1348 932 1367 mo-

143 1393 207 1419 dum
221 1397 361 1419 versatur:
381 1392 419 1419 sic
431 1399 492 1418 cum
505 1391 546 1418 vis
560 1388 727 1424 imaginandi
743 1395 791 1422 per
804 1393 931 1413 somnum

144 1438 270 1465 omnibus
288 1445 364 1472 aeque
387 1443 418 1463 ae
433 1436 493 1464 sine
511 1436 667 1463 discrimine
690 1442 704 1460 a
724 1438 821 1460 natura
840 1433 875 1460 sit
892 1432 932 1459 iu-

143 1483 210 1515 dita.
232 1483 309 1518 pauci
328 1491 361 1510 ex
378 1483 570 1509 universorum
593 1485 664 1508 coetu
688 1485 761 1512 sunt,
779 1479 878 1514 quibus
894 1478 933 1504 di-

144 1529 249 1556 viniora
264 1537 293 1556 se
310 1528 479 1556 somniorum
497 1527 552 1554 visa
568 1527 695 1553 offerunt.
717 1524 813 1551 Ca·teri
830 1524 852 1551 si
867 1523 930 1558 quid
947 1516 966 1544 C

145 1574 179 1601 de
202 1574 370 1601 somniorum
389 1572 554 1606 conjecturis
573 1571 609 1598 rei
631 1570 729 1597 sunu-:e
743 1572 930 1603 cognoscunt:

144 1620 170 1647 id
188 1625 274 1647 totum
291 1620 349 1647 lieri
367 1627 410 1651 eo,
433 1627 487 1654 quo
502 1618 650 1645 indicatum
665 1619 717 1646 est,
739 1614 820 1641 modo
835 1617 933 1648 putan-

145 1666 208 1693 dum
226 1667 286 1694 crit.
306 1666 382 1699 Quod
401 1669 488 1692 autern
504 1668 530 1691 et
544 1662 688 1698 AEgypnus
708 1666 734 1688 et
747 1660 875 1695 Assyrius
890 1663 932 1693 ty-

145 1720 248 1740 rannus
268 1712 314 1739 Dei
339 1715 407 1738 nutu
431 1711 463 1738 ad
482 1711 636 1737 futurorum
663 1708 805 1735 scientiam
824 1705 933 1732 deducti

146 1762 219 1790 sunt,
246 1759 296 1785 lroc
322 1765 428 1792 quoque
449 1757 502 1783 alio
529 1754 694 1789 respiciente
714 1753 769 1780 Deo
794 1752 930 1779 usuvenit.

145 1805 213 1832 Nam
229 1812 260 1831 eo
275 1809 353 1839 pacto
366 1807 522 1830 sanctorum
541 1800 720 1835 quorumdam
735 1799 875 1825 hominum
891 1805 934 1824 sa-

147 1851 276 1886 pientiam
294 1850 420 1878 omnibus
443 1850 615 1876 innotescere
631 1846 762 1881 oportuit,
782 1850 810 1871 ut
826 1852 856 1871 ea
873 1844 934 1870 vitae

146 1898 288 1925 hominum
311 1896 385 1923 utilis
408 1900 488 1923 esset.
511 1894 561 1926 Qui
577 1893 649 1920 enim
666 1892 723 1918 fieri
742 1892 886 1926 potuisset,
905 1894 933 1917 ut

146 1945 174 1970 in
190 1943 299 1970 Daniele
315 1941 428 1969 facultas
444 1948 505 1968 esse
524 1938 692 1967 vaticinandi
715 1936 933 1971 deprehendere-

147 1995 203 2020 tur,
219 1989 272 2016 nisi
296 1991 486 2015 excantatores
501 1989 528 2013 et
553 1984 623 2017 magi
649 1982 785 2009 somnium
821 1981 892 2016 regis
907 1983 934 2007 et

149 2035 269 2061 invenire
303 2037 330 2060 et
368 2030 544 2066 interpretari
583 2027 765 2062 nequissent?
796 2025 932 2060 quomodo

148 2080 338 2115 AEgyptiorun
352 2077 508 2105 conservari
524 2075 598 2102 natio
615 2073 758 2109 potuisset,
771 2072 890 2106 Joseplio
905 2071 932 2097 in

149 2135 258 2155 carcere
271 2127 362 2153 abdito
375 2129 400 2153 et
414 2125 555 2154 concluso.
573 2124 594 2150 si
610 2130 663 2149 non
682 2121 780 2147 somnii
802 2120 932 2154 explana-

149 2174 188 2200 tio
214 2172 373 2208 praebuisset
391 2171 572 2200 occasionem,
602 2175 653 2202 qua
681 2169 706 2194 in
723 2171 822 2192 voetum
849 2166 932 2192 totius

150 2219 239 2252 gentis
252 2217 456 2245 accerseretur?
470 2216 575 2242 idcirco
593 2213 766 2241 statuendum
778 2217 830 2243 est,
846 2211 933 2237 diver-

150 2272 208 2291 sam
229 2265 325 2290 horum
351 2263 482 2289 rationem
496 2268 566 2292 csse,
588 2268 648 2294 quae
669 2259 701 2285 ad
720 2266 877 2285 communes
892 2257 933 2283 vi-

150 2310 242 2337 siones
258 2316 310 2335 non
327 2311 469 2342 congruat.
488 2306 593 2333 Usitata
608 2312 670 2331 vero
683 2303 848 2331 somniorum
865 2303 932 2334 visa,

150 2355 277 2381 omnibus
288 2353 377 2383 obvia,
396 2359 523 2387 perquam
545 2350 627 2376 variis
640 2349 727 2375 modis
742 2348 933 2374 informantur.

150 2400 204 2426 Aut
219 2399 302 2429 enim,
322 2397 549 2433 quemadmodum
572 2399 614 2422 est
630 2394 792 2428 expositum,
820 2393 933 2419 extremi

151 2444 230 2478 quasi
255 2443 314 2470 soni
337 2443 498 2469 diurnarum
513 2441 683 2468 effectionum
705 2439 731 2464 in
758 2443 834 2472 parte
851 2438 934 2464 animi

153 2489 344 2516 reminiscente
359 2488 453 2521 reliqui
470 2486 600 2516 tinniunt,
618 2488 663 2510 aut
675 2491 723 2517 pro
734 2491 766 2509 eo
782 2488 862 2516 atque
877 2490 936 2509 cor·

154 2544 204 2569 pus
224 2534 347 2561 assertum
364 2538 416 2564 est,
445 2532 550 2559 somnia
565 2538 672 2565 qnoque
694 2530 839 2564 linguntur.
861 2529 937 2555 Patet

154 2581 205 2607 noc
228 2589 259 2607 ex
283 2588 326 2611 00,
350 2580 419 2613 quod
444 2578 489 2612 qui
513 2578 618 2608 sitiunt,
647 2583 708 2603 esse
723 2576 755 2601 ad
773 2575 861 2601 sontes
877 2582 937 2601 sese

154 2624 330 2651 existimant:
355 2623 400 2657 qui
416 2622 552 2652 esuriunt,
576 2621 601 2646 in
615 2619 759 2650 conviviis,
777 2619 936 2645 adolescens

156 2678 202 2703 per
225 2674 330 2695 :etatem
354 2669 509 2699 lasciviens,
539 2671 721 2694 consentanea
749 2664 851 2691 libidini
881 2672 936 2691 sua)

156 2717 328 2751 imaginatur.
344 2715 472 2749 Equidem
487 2718 513 2741 ct
528 2714 607 2740 aliam
622 2711 765 2748 quamdam
778 2715 875 2745 przetcr
888 2711 936 2737 nas

155 2760 320 2786 somnior-nnn
334 2767 445 2786 eausam
459 2759 551 2791 didici,
571 2766 632 2785 curn
648 2756 831 2784 necessarium
845 2763 937 2790 quem-

190 2835 210 2847 ¹¹³
227 2837 292 2864 Cen.
306 2845 349 2868 xi..
371 2838 379 2864 l
401 2846 475 2871 seqq.

981 884 1105 919 δυνάμει,
1120 886 1252 921 μηδεμιᾶς
1259 887 1358 918 αὐτοὺς
1368 887 1543 922 ἑπιθολούσης
1551 887 1711 922 αἰσθήσεως,
1720 889 1769 924 τὴν

982 930 1036 956 τῶν
1062 931 1212 965 μελλόντων
1228 932 1327 966 γνῶσιν
1342 933 1577 968 προεπαιδεύοντο,
1594 933 1669 959 οὐδὲν
1691 934 1770 960 τοῦτο

982 976 1050 1011 πρὸς
1061 977 1106 1003 τὸν
1119 977 1297 1012 προκείμενον
1308 977 1394 1012 λόγον.
1407 979 1472 1005 Οὐδὲ
1485 978 1538 1014 γὰρ
1547 979 1578 1006 ἄν
1587 987 1627 1010 τις
1635 979 1720 1006 ταῦτα
1736 981 1768 1014 τῇ

981 1020 1093 1055 δυνάμει
1104 1021 1157 1048 τῶν
1171 1023 1303 1049 ἐνυπνίων
1314 1022 1458 1057 λογίσαιτο,
1476 1024 1536 1051 ἐπεὶ
1550 1024 1657 1056 πάντως
1672 1025 1703 1050 ἐκ
1723 1025 1769 1050 τοῦ

981 1066 1127 1093 ἀκολούθου
1141 1068 1243 1100 καὶτὰς
1255 1069 1394 1105 καθ’ὓπαρ
1401 1070 1546 1105 γινομένας
1555 1070 1713 1105 θεοφανείας
1721 1071 1770 1097 οὐκ

982 1113 1124 1145 ὀπτασίαν,
1135 1114 1201 1140 ἀλλὰ
1215 1114 1322 1148 φύσεως
1329 1115 1488 1142 ἀκολουθίαν
1502 1116 1571 1142 κατὰ
1580 1116 1610 1142 τὸ
1621 1117 1770 1151 αὐτόματον

982 1158 1179 1194 ἐνεργουμένην
1190 1160 1318 1195 οἰήσεται.
1333 1161 1436 1196 Ὥσπερ
1446 1161 1534 1188 τοίνυν
1545 1161 1653 1188 πάντων
1668 1160 1771 1196 ἀνθρώ-

982 1213 1040 1230 πων
1048 1204 1118 1230 κατὰ
1127 1205 1170 1231 τὸν
1182 1205 1245 1232 ἴδιον
1258 1206 1319 1232 νοῦν
1331 1206 1531 1242 διοικουμένων,
1541 1207 1624 1241 ὀλίγοι
1647 1210 1716 1238 τινές
1730 1207 1772 1233 εἰ-

984 1257 1024 1275 σιν
1038 1250 1062 1275 οἱ
1077 1249 1126 1284 τῆς
1141 1249 1214 1281 θείας
1227 1251 1333 1286 ὁμιλίας
1347 1251 1378 1277 ἐκ
1395 1251 1441 1277 τοῦ
1454 1251 1590 1287 ἐμφανοῦς
1606 1251 1770 1286 ἀξιούμενοι·

982 1293 1054 1320 οὕτω
1073 1295 1171 1326 κοινῶς
1185 1296 1251 1321 πᾶσι
1271 1297 1316 1322 καὶ
1332 1296 1470 1330 ὀμοτίμως
1485 1297 1535 1331 τῆς
1556 1296 1584 1322 ὲν
1597 1296 1690 1327 ὕπνοις
1705 1304 1772 1330 φαν-

982 1341 1079 1372 τασίας
1103 1341 1172 1368 κατὰ
1202 1342 1282 1376 φύσιν
1307 1343 1503 1377 ἐγγινομένης,
1522 1343 1664 1378 μετέχουσί
1686 1351 1770 1374 τινες,

983 1386 1042 1420 οὐχὶ
1062 1386 1171 1418 πάντες,
1195 1387 1331 1422 θειοτέρας
1347 1388 1418 1419 τινὸς
1441 1388 1484 1414 διὰ
1507 1389 1561 1415 τῶν
1586 1388 1697 1424 ὀνείρων
1719 1388 1770 1423 τῆς

984 1432 1142 1466 ἐμφανείας.
1165 1433 1227 1464 Τοῖς
1250 1433 1271 1459 δ’
1287 1434 1376 1465 ἄλλοις
1397 1435 1463 1460 πᾶσι
1485 1434 1537 1460 κᾶν
1561 1434 1673 1470 γένηταί
1687 1443 1729 1466 τις
1742 1434 1771 1466 ἐξ

984 1478 1117 1504 ἐνυπνίων
1136 1479 1199 1514 περί
1221 1488 1246 1505 τι
1271 1479 1442 1514 πρόγνωσις,
1461 1479 1531 1506 κατὰ
1554 1480 1599 1506 τὸν
1627 1480 1770 1515 εἰρημένον

984 1523 1088 1558 γίνεται
1101 1525 1210 1559 τρόπον.
1227 1525 1257 1550 Εἰ
1273 1525 1301 1550 δὲ
1317 1526 1363 1551 καὶ
1380 1527 1393 1551 ὁ
1416 1526 1564 1559 Αἰγύπτιος
1582 1526 1628 1551 καὶ
1643 1526 1656 1551 ὁ
1675 1526 1771 1552 Ἀσσύ-

985 1578 1040 1605 ριος
1058 1570 1188 1605 τύραννος
1206 1570 1296 1596 θεόθεν
1316 1571 1383 1606 πρὸς
1397 1571 1446 1605 τὴν
1466 1571 1519 1597 τῶν
1538 1571 1686 1606 μελλόντων
1701 1572 1768 1606 ὡδη-

983 1615 1080 1650 γοῦντο
1095 1616 1207 1649 γνῶσιν,
1221 1616 1314 1651 ἕτερον
1327 1617 1384 1642 ἐστι
1403 1617 1433 1642 τὸ
1447 1617 1489 1643 διὰ
1503 1617 1604 1643 τούτων
1617 1617 1772 1651 οἰκονομού-

986 1671 1080 1697 μενον·
1096 1662 1283 1697 φανερωθῆναι
1301 1662 1354 1697 γὰρ
1374 1662 1426 1688 ἔδει
1445 1663 1638 1698 κεκρυμμένην
1652 1664 1700 1698 τὴν
1717 1664 1771 1689 τῶν

984 1709 1070 1743 ἁγίων
1085 1709 1190 1743 σοφίαν,
1206 1709 1243 1740 ὡς
1265 1709 1297 1735 ἂν
1315 1708 1351 1743 μὴ
1368 1709 1504 1744 ἄχρηστος
1527 1709 1564 1744 τῷ
1579 1709 1661 1744 κοινῷ
1683 1718 1771 1744 παρα-

983 1757 1075 1792 δράμῃ
1088 1756 1131 1782 ‘rev
1159 1755 1224 1790 βίον.
1246 1755 1307 1786 Πῶς
1321 1754 1374 1789 γὰρ
1394 1754 1516 1789 ἐγνώσθη
1534 1754 1652 1786 τοιοῦτος
1667 1754 1703 1780 ὢν
1718 1756 1770 1780 Δα-

983 1804 1053 1839 νιὴλ,
1075 1803 1111 1838 μὴ
1126 1802 1178 1828 τῶν
1201 1801 1333 1827 ἐπαοιδῶν
1358 1801 1404 1827 uod.
1424 1801 1517 1835 μάγων
1535 1800 1602 1834 πρὸς
1618 1801 1666 1835 τὴν
1694 1800 1771 1835 εὕρε-

985 1860 1026 1877 σιν
1045 1851 1094 1885 τῆς
1119 1848 1267 1884 φαντασίας
1288 1847 1476 1882 ἁτονησὰντων
1491 1855 1497 1879 ;
1514 1846 1575 1877 Πῶς
1594 1847 1614 1872 δ’
1633 1847 1665 1872 ἂν
1695 1855 1772 1881 περι-

985 1894 1074 1928 εσώθη
1083 1893 1112 1919 τὸ
1123 1893 1268 1926 Αίγύπτιον
1278 1893 1362 1922 ἔθνος,
1374 1892 1401 1916 ἑν
1414 1890 1594 1925 δεσμωτηρίῳ
1605 1889 1770 1923 καθειργμέ-

984 1949 1030 1967 νου
1047 1939 1093 1965 τοῦ
1116 1939 1225 1973 Ἰωσὴφ,
1244 1939 1267 1963 εἰ
1286 1937 1322 1972 μὴ
1346 1937 1506 1971 παρήγαγεν
1522 1936 1561 1967 είς
1578 1936 1675 1970 μέσους
1690 1935 1771 1961 αὐτὸν

984 1987 1001 2020 ἡ
1020 1985 1066 2012 τοῦ
1089 1985 1212 2011 ἐνυπνίου
1237 1985 1340 2018 κρίσις;
1366 1982 1469 2009 Οὐκοῦν
1483 1982 1545 2008 ἄλλο
1567 1990 1592 2007 τι
1612 1983 1707 2013 ταῦτα,
1724 1981 1770 2007 καὶ

984 2031 1043 2066 οὐχὶ
1061 2030 1131 2057 κατὰ
1146 2029 1194 2061 τὰς
1217 2028 1308 2059 κοινὰς
1323 2027 1472 2062 φαντασίας
1493 2026 1644 2060 λογίζεσθαι
1659 2026 1720 2060 χρή.
1738 2025 1769 2050 ‘11

984 2077 1011 2103 δὲ
1031 2076 1146 2111 συνήθης
1172 2075 1241 2108 αὕτη
1260 2073 1314 2099 τῶν
1337 2072 1447 2107 ὀνείρων
1471 2072 1530 2106 ὅψις
1558 2070 1633 2105 κοινὴ
1661 2070 1770 2096 πάντων

984 2123 1057 2155 ἐστὶ,
1073 2121 1247 2156 πολυτρόπως
1275 2120 1321 2146 καὶ
1352 2118 1497 2149 πολυειδῶς
1524 2118 1584 2148 ταῖς
1610 2115 1768 2150 φαντασίαις

985 2168 1154 2203 ἐγγινομένη.
1172 2165 1206 2193 '¹11
1223 2166 1276 2201 γὰρ
1297 2165 1462 2199 παραμένει,
1480 2163 1569 2194 καθὼς
1590 2163 1714 2198 εἴρηται,
1731 2161 1769 2196 τῷ

988 2213 1145 2250 μνημονικῷ
1169 2212 1217 2246 τῆς
1232 2211 1318 2245 ψυχῆς
1334 2210 1386 2236 τῶν
1417 2209 1604 2244 μεθημερινῶν
1630 2207 1769 2241 ἐπιτηδευ-

988 2261 1078 2295 μάτων
1093 2259 1126 2285 τὰ
1148 2258 1316 2292 ἁπηχήματα
1335 2254 1372 2289 ·ἢ
1401 2255 1529 2284 πολλάκις
1556 2253 1602 2279 καὶ
1628 2253 1696 2287 πρὸς
1721 2251 1770 2282 τὰς

986 2306 1065 2337 ποιὰς
1079 2305 1125 2331 τοῦ
1142 2304 1265 2338 σώματος
1284 2302 1442 2336 ὃιαθέσειςὴ
1457 2300 1511 2326 τῶν
1529 2300 1660 2326 ἐνυπνίων
1685 2297 1768 2324 κατά-

987 2360 1079 2381 στασις
1091 2348 1284 2376 ἀνατυποῦται.
1302 2347 1379 2373 θ’ύτω
1394 2346 1448 2382 γὰρ
1463 2347 1476 2371 ὁ
1491 2345 1607 2380 διψώδης
1624 2345 1652 2370 ὲν
1670 2344 1770 2377 πηγαῖς

986 2394 1055 2422 εἶναι
1070 2396 1151 2426 δοκεῖ,
1167 2395 1213 2420 καὶ
1233 2395 1260 2419 ὲν
1277 2393 1402 2427 εὐωχίαις
1419 2393 1432 2417 ὁ
1446 2391 1548 2427 τροφῆς
1563 2389 1768 2425 προσδεόμενος,

987 2442 1033 2468 καὶ
1047 2442 1060 2467 ὁ
1075 2441 1143 2471 νέος,
1162 2438 1320 2473 σφριγώσης
1332 2436 1404 2471 αὐτῷ
1419 2437 1467 2471 τῆς
1481 2435 1597 2470 ἡλικίας,
1612 2433 1769 2467 καταλλήλῳ

986 2487 1024 2521 τῷ
1050 2486 1129 2512 πάθει
1157 2483 1358 2518 φαντασιοῦται.
1380 2483 1483 2516 Ἕγνων
1500 2481 1528 2506 δὲ
1548 2480 1595 2506 καὶ
1618 2478 1698 2513 ἄλλην
1715 2477 1769 2511 ἐγὼ

986 2532 1040 2558 τῶν
1058 2531 1117 2557 καθ’
1138 2530 1221 2557 tamon
1243 2528 1395 2563 γενομένων
1415 2527 1517 2557 αἰτίαν,
1536 2524 1692 2560 θεραπεύων
1710 2523 1769 2549 τινὰ

986 2578 1040 2603 τῶν
1064 2575 1220 2609 ἐπιτηδείων
1238 2574 1374 2600 ἑαλωκότα
1394 2572 1537 2608 φρενίτιδι,
1558 2571 1586 2601 ὃς
1607 2569 1770 2604 βαρούμενος

987 2624 1018 2657 τῇ
1031 2623 1116 2656 τροφῇ
1131 2621 1229 2647 πλείονι
1242 2621 1290 2654 τῆς
1306 2619 1444 2654 δυνάμεως
1455 2616 1535 2644 αὑτοῦ
1548 2614 1769 2651 προσενεχθείσῃ,

987 2669 1070 2700 ἐθόα,
1092 2667 1154 2698 τοὺς
1185 2665 1367 2701 περιεστῶτας
1393 2663 1584 2699 μεμφόμενος,
1608 2662 1648 2687 ὅτι
1677 2659 1767 2694 ἔντερα

988 2714 1089 2740 κόπρου
1107 2712 1299 2747 πληρώσαντες
1316 2708 1370 2736 εἷεν
1384 2707 1580 2738 ἑπιτεθεικὸτες
1596 2705 1681 2740 αὐτῷ.
