1859 2979
104 79 155 105 227
720 74 749 102 S.
770 72 933 101 GREGomt
954 72 1099 100 NYSSENJ
1682 67 1733 94 ‘228

107 136 208 163 diatur.
221 134 288 161 Nam
304 141 404 168 corpus
418 133 504 161 altcra
519 132 710 161 vicissitudine
726 140 774 167 per
795 139 889 159 acere·
904 137 926 162 Α
940 130 973 168 ἦς
990 131 1027 166 τῷ
1040 132 1110 165 λόγῳ
1126 128 1354 165 περιαιρεθείσης,
1368 127 1492 162 καθάπερ
1506 128 1550 156 ἐπὶ
1565 126 1673 162 Νεεμὰν
1685 125 1733 152 τοῦ

104 181 206 207 tionem
222 187 252 206 ac
273 180 483 206 diminutionem
506 184 639 210 mutatur,
660 182 686 206 et
703 182 797 205 aetates
826 178 891 204 v'nae
945 178 1042 212 Σύρου,
1059 178 1074 212 ἢ
1092 176 1203 203 ἐπὶτῶν
1224 175 1293 202 κατὰ
1309 175 1338 200 τὸ
1352 173 1515 207 Εὑαγγέλιον
1528 171 1733 207 ἱστορηθέντων,

105 224 286 253 succedentes
301 226 353 252 sibi
373 226 451 260 quasi
464 230 554 253 vestes
570 225 702 260 quasdam
716 224 815 251 induit.
829 223 890 250 ldea
945 223 1026 249 πάλιν
1041 222 1071 248 τὸ
1085 221 1273 256 κεκρυμμένον
1288 220 1339 246 ὑπὸ
1355 219 1402 245 τοῦ
1418 217 1518 249 πάθους
1533 215 1610 248 εἶδος,
1629 216 1672 242 διὰ
1686 215 1735 250 τῆς

104 280 168 298 vero
192 272 287 298 eadem
306 280 413 306 semper
435 276 536 303 manet,
563 276 642 298 extra
665 278 774 298 omnem
800 274 890 296 muta·
945 268 1037 301 ὑγείας
1052 267 1080 293 ἐν
1095 268 1150 298 τοῖς
1166 266 1241 296 ἰδίοις
1252 265 1373 298 ἀνεφάνη
1385 262 1567 298 γνωρίσμασι.

103 318 234 344 bilitatem
258 319 357 351 posita,
381 326 468 352 neque
494 322 573 344 notas
603 317 704 344 inditas
731 324 745 343 a
769 322 866 343 natura
884 315 936 342 sibi
953 313 1052 340 amittit
1070 323 1076 340 ι
1096 312 1142 339 sed
1159 319 1330 346 quaecunquc
1354 309 1462 344 corpori
1482 307 1646 334 mutationes
1661 306 1734 332 acci-

103 364 178 393 dant.
207 364 264 390 lucc
288 365 468 391 nihilomiuus
497 366 573 400 signa
602 373 662 396 sua,
689 365 722 391 dc
743 365 844 399 quibus
866 367 1041 397 agnoscatur,
1066 361 1174 388 retinet.
1196 359 1361 393 Excipicnda
1379 363 1468 387 tamen
1482 354 1734 386 veniteamutatio.

103 417 163 443 quat
182 411 276 436 morbo
301 410 392 444 aliquo
418 410 484 436 idea:
511 409 653 443 contingit.
688 408 754 435 Nam
778 413 835 434 tum
866 411 925 434 orta
952 414 983 433 ex
1016 406 1112 432 morbo
1142 404 1303 432 deformitas
1335 404 1423 431 ideam
1450 408 1576 438 occupat,
1607 406 1735 436 tanquam

104 456 177 481 larva
198 455 333 490 quaedam,
359 463 439 490 quam
465 455 487 482 si
511 456 536 482 ei
556 455 701 489 cogitando
725 454 888 486 adimamus,
910 453 981 480 sicut
999 451 1033 478 ab
1051 459 1081 478 ea
1111 450 1197 486 Syrus
1225 451 1270 478 illc
1298 449 1463 482 Necmanus,
1480 455 1507 477 et
1528 455 1621 477 aecem
1641 446 1735 474 inl'eeti

104 502 188 535 lepra,
211 503 242 528 ile
267 502 368 536 quibus
387 510 465 528 sacro
484 501 510 527 in
528 501 675 535 Evangelio
696 500 833 527 memoriae
853 499 988 534 proditum
1004 501 1045 525 est
1059 497 1094 530 ⁹⁵,
1116 496 1224 524 liberati
1245 496 1367 528 suerunt,
1394 496 1482 523 ideam
1507 495 1622 523 antchac
1647 493 1736 521 morbi

104 550 128 575 vi
146 549 321 580 occultatam.
342 554 501 583 recuperata
530 549 647 576 sanitate
669 548 786 582 propriis
813 548 886 575 notis
899 547 1073 581 conspicuam
1089 553 1186 572 rursus
1202 545 1309 572 elucere
1327 552 1438 572 neeesse
1454 549 1505 573 cst.

139 595 321 627 Quamobrem
339 596 437 621 divina:
451 596 477 621 in
499 595 578 621 nobis
594 595 677 621 animi
699 594 893 628 praestantissi-

106 650 210 676 maeque
230 643 301 676 parti
327 650 382 668 non
411 641 477 667 illud
497 640 600 667 fluxum
627 648 658 666 ac
683 640 822 670 mutabile,
845 639 893 666 sed

982 593 1027 628 Τῷ
1042 592 1130 619 τοίνυν
1144 592 1255 618 θεοειδεῖ
1269 591 1318 626 τῆς
1334 591 1423 625 ψυχῆς
1439 591 1467 616 οὺ
1486 590 1514 616 τὸ
1527 590 1586 625 ῥέον
1603 591 1631 616 ἐν
1643 591 1675 624 τῇ
1689 589 1736 616 ἀλ-

945 638 1050 664 λοιώσει
1063 639 1109 664 καὶ
1123 637 1328 672 μεθιστάμενον,
1342 637 1409 663 ἀλλὰ
1419 637 1448 662 τὺ
1464 636 1575 671 μόνιμον
1586 644 1614 661 τε
1628 636 1674 661 καὶ
1683 635 1737 661 ὡσ-

106 689 179 722 quod
196 689 221 714 in
238 696 369 722 compage
385 693 477 714 nostra
501 691 544 713 est
562 691 721 720 perpetuum
743 690 768 712 et
786 692 893 720 semper
910 704 931 730 B
946 684 1034 716 αὕτως
1049 685 1109 718 ἕχον
1122 685 1150 709 ἐν
1161 683 1200 718 τῷ
1214 683 1273 709 καθ’
1286 684 1357 717 ἡμᾶς
1368 683 1542 717 συγκρίματι,
1553 682 1638 716 τούτῳ
1653 690 1736 716 προσ-

106 735 188 765 illem,
208 734 281 760 velut
298 734 411 759 insitum
433 731 693 766 adlizeretssumque
709 731 895 758 diversatcm-

105 784 262 814 pei-amenta
285 779 406 805 diversas
421 779 501 804 etiam
524 778 600 805 ideas
623 778 751 810 efficiant,
776 785 807 804 ac
826 783 895 805 tem-

106 829 266 859 peramenta
281 824 347 849 nihil
364 824 419 850 sint
440 822 514 849 aliud
533 830 613 857 quam
636 822 832 849 clementorum
852 822 894 848 in-

105 875 146 896 ter
161 877 190 896 se
215 870 379 900 commistio,
406 869 439 895 de
462 869 563 903 quibus
583 876 645 894 cum
667 868 719 894 alia
744 868 770 893 iu
800 874 894 893 rerum

106 915 292 946 universitate,
311 919 368 940 tum
386 915 505 941 huminis
530 914 610 940 etiam
635 921 736 947 corpus
763 915 893 944 ctonstat3

106 968 218 988 necesse
230 965 281 992 est,
311 965 486 994 permanente
503 959 637 986 inanimo
657 959 718 985 idea
744 958 824 992 quasi
847 965 895 991 per

106 1007 313 1041 expressionem
329 1006 422 1040 sigilli,
446 1013 500 1032 non
515 1006 606 1041 ignota
631 1005 656 1032 ci
682 1012 742 1031 esse
757 1011 818 1038 quae
839 1003 892 1030 sor-

106 1059 178 1077 mam
205 1051 289 1084 ipsam
315 1050 404 1084 sigillo
428 1051 638 1084 impresserunt¹
661 1049 829 1082 omninoque
850 1047 895 1074 illa

107 1102 229 1130 tempore
246 1096 456 1123 instaurationis
481 1095 603 1122 omnium
621 1102 717 1121 rursus
735 1093 818 1120 veluti
836 1093 894 1119 col-

107 1142 170 1176 liget
185 1142 219 1168 ad
231 1149 302 1174 sese,
325 1149 495 1176 quaeeunquc
516 1141 549 1167 ad
561 1140 627 1167 ideae
648 1139 761 1166 sormam
788 1145 896 1172 expres-

108 1194 166 1213 sam
184 1192 351 1221 congruent;
363 1191 515 1221 congruent
527 1190 617 1213 autem
632 1184 703 1212 haud
721 1184 896 1218 dubie,quae-

106 1240 215 1266 cunque
243 1233 277 1259 ab
302 1233 380 1258 initio
408 1233 475 1258 idea:
504 1232 606 1258 suerint
636 1231 779 1265 impressa.
811 1229 896 1263 Igitur

109 1278 257 1304 absurdum
275 1286 327 1304 non
343 1282 393 1309 cst,
408 1277 432 1303 id
451 1276 523 1311 quod
534 1282 575 1303 est
591 1277 724 1310 cujusque
743 1275 894 1309 proprium,

110 1323 206 1349 relicta
222 1323 419 1349 communitate
438 1324 470 1348 ad
488 1322 610 1356 singulos
625 1322 783 1348 rediturum.
799 1319 894 1346 Vivum

946 730 1051 764 φύεται.
1064 730 1117 755 Καὶ
1125 729 1218 764 ἐπειδὴ
1230 729 1278 759 τὰς
1287 729 1356 755 κατὰ
1370 729 1399 754 τὸ
1408 727 1475 759 εἶδος
1486 728 1615 763 διαφορὰς
1625 728 1653 754 αἱ
1661 729 1735 753 ποιαὶ

945 775 995 810 τῆς
1004 775 1128 810 κράσεως
1143 775 1316 810 παραλλαγαὶ
1328 774 1556 810 μεταμορφοῦσιν,
1569 775 1584 809 ὴ
1595 774 1622 799 δὲ
1639 774 1736 808 κρᾶσις

946 822 994 847 οὐκ
1006 821 1072 855 ἄλλη
1082 829 1124 852 τις
1134 821 1208 856 παρὰ
1223 820 1271 855 τὴν
1283 821 1335 847 τῶν
1352 820 1488 854 στοιχείων
1502 819 1573 854 μίξιν
1587 819 1654 849 ἐστὶ,
1666 827 1737 844 στοι·

946 868 1005 901 χεῖα
1016 866 1044 892 δέ
1058 874 1146 901 φαμεν
1165 866 1198 892 τὰ
1222 867 1255 901 τῇ
1276 867 1431 900 κατασκευῇ
1446 865 1493 891 τοῦ
1511 866 1608 896 παντὸς
1627 865 1736 891 ὑποκεί-

948 920 1023 946 μενα,
1038 910 1202 939 δι’ὧνκαὶτό
1212 911 1380 946 ἀνθρώπινον
1397 911 1541 946 συνέστηκε
1554 911 1641 945 σῶμα,
1654 911 1737 944 ἀναγ-

947 958 1031 989 καίως
1041 956 1087 983 τοῦ
1104 957 1189 988 εἴδους
1206 955 1261 983 οἷον
1281 957 1420 991 ἐκμαγείῳ
1444 957 1590 992 σφραγίδος
1609 958 1641 991 τῇ
1664 956 1735 991 ψυχῇ

948 1003 1175 1039 παραμείναντος,
1190 1003 1249 1029 οὐδὲ
1263 1003 1298 1029 τὰ
1312 1003 1540 1037 ἐναπομαξάμενα
1558 1004 1590 1038 τῇ
1610 1002 1737 1037 σφραγῖδι

946 1050 991 1076 τὸν
1006 1050 1089 1075 τύπον
1106 1049 1150 1074 ὑπ’
1169 1049 1252 1083 αὐτῆς
1267 1049 1412 1082 ἀγνοεῖται,
1429 1049 1484 1075 ἀλλ’
1497 1050 1525 1077 ὲν
1540 1048 1578 1083 τῷ
1590 1048 1676 1083 καιρῷ
1687 1048 1737 1083 τῆς

947 1095 1194 1129 ἀναστοιχειιῖωεως
1217 1095 1306 1120 ἐκεῖνα
1321 1095 1426 1129 δέχεται
1444 1095 1523 1122 πάλιν
1544 1095 1611 1130 πρὸς
1625 1094 1735 1129 ἑαυτὴν,

948 1139 1018 1174 ἅπερ
1034 1139 1066 1165 ἂν
1080 1139 1216 1173 ἑναρμόσῃ
1233 1138 1272 1173 τῷ
1290 1138 1368 1173 τύπῳ
1382 1139 1428 1165 τοῦ
1452 1139 1553 1170 εἴδους·
1578 1139 1736 1174 ἐναρμόσειε

946 1183 974 1209 δὲ
991 1183 1099 1214 πάντως
1114 1184 1216 1214 ἐκεῖνα,
1235 1183 1284 1209 ὅσοι
1299 1184 1356 1208 κατ’
1374 1183 1461 1218 ἀρχὰς
1478 1183 1634 1218 ὲνετυπὼῡη
1648 1183 1687 1218 τῷ
1700 1183 1738 1209 εἶ’-

946 1229 995 1255 δει.
1014 1228 1117 1254 Οὐκοῦν
1131 1228 1206 1254 οὐδὲν
1223 1228 1274 1260 ἔξω
1290 1228 1336 1254 τοῦ
1350 1229 1453 1260 εἰκότος
1465 1230 1533 1261 ἐστὶ,
1548 1229 1627 1255 πάλιν
1644 1229 1675 1254 ὲκ
1688 1228 1736 1255 τοῦ

947 1273 1036 1299 κοινοῦ
1049 1273 1116 1307 πρὸς
1135 1273 1165 1298 τὸ
1187 1273 1353 1299 καΟέκαστον
1370 1274 1530 1300 ἐπαναλύειν
1544 1273 1574 1300 τὸ
1592 1273 1665 1302 ἴδιον.
1685 1273 1737 1299 Λέ-

947 1327 1024 1352 γεται
1041 1318 1069 1344 δὲ
1087 1319 1134 1345 καὶ
1149 1319 1198 1353 τὴν
1211 1319 1379 1354 ὑδρὰργυρον
1393 1319 1568 1354 προχεῡεῖσαν
1590 1319 1636 1344 τοῦ
1662 1327 1739 1353 περι-

108 1367 180 1401 quod
197 1372 295 1393 vocant
312 1371 465 1401 argentum,
482 1366 558 1392 aiunt
581 1366 696 1393 ess'usum
726 1372 808 1398 capsa
837 1365 896 1390 loco
911 1367 931 1394 C
949 1366 1064 1398 έχοντος,
1082 1364 1142 1389 καθ’
1157 1364 1252 1390 ὑπτίου
1273 1364 1344 1395 τινὸς
1360 1365 1406 1390 καὶ
1419 1363 1609 1399 κονιορτώδους
1626 1362 1737 1398 χωρίου,

109 1413 208 1448 supino
232 1413 399 1447 pulvereque
423 1413 543 1447 oppleto,
569 1412 689 1438 miuutos
716 1411 742 1437 in
770 1410 896 1445 globulos

107 1459 306 1485 conformatum
314 1458 415 1492 passim
429 1458 465 1484 ita
483 1465 529 1492 per
539 1461 637 1484 terram
648 1456 777 1491 dispergi,
788 1456 897 1482 utnulla

108 1512 170 1530 cum
182 1512 220 1536 re,
235 1504 262 1530 in
275 1511 354 1537 quani
365 1503 471 1534 incidit,
486 1502 707 1529 commiscemur.
718 1501 794 1533 Quod
805 1500 826 1528 si
836 1501 897 1535 quis

108 1549 207 1576 deinde
233 1548 422 1582 multipliciter
450 1548 605 1581 dispersum
630 1547 750 1573 vicissim
776 1546 896 1580 colligat,

108 1596 247 1623 confluere
263 1603 311 1622 sua
328 1600 427 1630 sponte
441 1594 549 1629 singula
570 1601 630 1628 quae
645 1593 753 1628 generis
774 1593 897 1627 ejusdem

109 1648 183 1675 sunt,
195 1644 351 1678 nullamque
367 1643 484 1676 interjici
494 1650 550 1669 rem
566 1649 646 1676 posse
660 1649 720 1675 quae
730 1641 899 1667 commistio-

110 1698 172 1717 nem
188 1690 258 1716 lianc
273 1689 405 1724 impedire
427 1692 520 1723 queat.
539 1687 702 1721 llujusmodi
728 1686 858 1721 quiddam
871 1690 899 1713 et

111 1737 138 1763 in
152 1736 264 1762 humani
282 1735 406 1770 corporis
419 1742 549 1768 compage
568 1732 745 1760 statueudnm
760 1732 898 1759 existimo.

111 1781 463 1816 Quamprimumdivinitus
480 1780 558 1814 signo
575 1779 652 1814 quasi
678 1779 742 1805 dato
768 1785 901 1805 concessa

112 1828 229 1854 facultas
245 1827 290 1857 sit,
315 1831 406 1861 partes
423 1826 475 1853 sibi
497 1825 692 1852 convenientes
718 1827 745 1850 et
770 1828 901 1858 cognatas

112 1873 222 1900 misceri
240 1877 337 1907 sponte
354 1880 413 1904 sua,
429 1880 517 1906 neque
531 1871 681 1906 quidquam
702 1878 735 1896 ex
754 1870 807 1896 lioc
823 1869 901 1896 tabo-

112 1918 150 1944 ris
170 1918 333 1945 molestiaeve
346 1917 524 1944 instauratori
539 1922 644 1943 naturae
664 1915 762 1942 creari.
785 1915 853 1941 Nam
869 1922 902 1941 ne

112 1964 190 1991 iniis
220 1965 329 1999 quidem
356 1972 415 1998 quae
441 1968 514 1990 terra
540 1962 715 1998 proveniunt,
739 1968 902 1995 magnopere

112 2014 239 2036 naturam
259 2010 388 2043 occupari
421 2010 556 2040 videmus,
590 2013 618 2035 ut
638 2008 678 2033 vel
705 2007 837 2039 triticum,
860 2006 902 2032 vel

114 2055 229 2086 milium,
245 2055 287 2081 vel
299 2055 370 2081 aliud
386 2055 501 2089 quodvis
522 2063 625 2085 semen,
656 2054 689 2080 de
704 2061 758 2089 quo
783 2053 902 2078 frumen-

114 2105 170 2127 tum
185 2105 230 2128 aut
244 2102 379 2135 legumina
395 2106 558 2135 nascuntur,
585 2102 610 2127 in
629 2101 761 2131 culmum,
789 2101 899 2133 aristas,

114 2148 241 2182 ctspicas
256 2151 444 2174 convertatur.
463 2147 517 2174 Sua
536 2148 608 2174 enim
633 2150 729 2181 sponte
751 2147 901 2173 nutrimen-

115 2197 171 2218 tum
190 2193 286 2227 cuique
310 2193 407 2219 semini
424 2193 601 2224 conveniens,
628 2193 703 2219 nullo
730 2196 833 2218 naturae
852 2200 901 2217 nc-

117 2238 188 2271 gotio
201 2238 233 2263 de
252 2238 390 2263 communi
417 2238 448 2263 ad
474 2238 644 2272 singulorum
667 2245 745 2263 usum
770 2236 901 2263 transser-

117 2286 170 2308 tur.
191 2282 260 2316 Ergo
278 2283 300 2309 si
317 2283 453 2309 universis
473 2287 545 2309 terra
563 2283 739 2309 nascentibus
763 2283 901 2309 communi

117 2329 234 2363 quodam
252 2337 334 2355 succo
350 2330 502 2363 proposito.
520 2329 652 2363 quidquid
676 2336 707 2355 eo
734 2329 832 2355 nutriri
856 2336 904 2354 ne-

118 2382 195 2400 ccsse
211 2378 262 2405 est,
291 2375 316 2400 id
334 2375 449 2401 attrahit
470 2376 559 2402 alendi
580 2375 621 2401 sui
641 2382 735 2406 causa,
760 2375 831 2409 qnod
852 2374 901 2408 ipsi

118 2421 269 2452 conv‹·iiit;
299 2421 365 2455 quid
383 2421 543 2452 absurdum,
578 2421 600 2447 si
628 2421 678 2447 liae
698 2422 779 2447 etiam
808 2422 833 2447 in
854 2421 903 2446 do-

118 2465 207 2490 ctrina
233 2466 265 2491 de
292 2467 494 2493 resurrectione
517 2467 652 2498 dicamus,
677 2467 788 2500 perinde
812 2471 840 2492 ut
861 2474 903 2493 se-

119 2510 191 2535 mina
223 2512 429 2537 convenientem
469 2520 595 2543 sin-cum,
637 2513 676 2539 sic
702 2512 839 2546 quoslibet
870 2520 903 2537 ex

119 2555 234 2580 mortuis
250 2561 425 2589 resurgentes
442 2558 551 2591 propria
578 2566 674 2585 rursus
694 2558 847 2583 attrahere?
868 2557 904 2583 lle

120 2599 163 2625 his
175 2601 300 2627 omnibus
313 2602 380 2628 adeo
407 2603 468 2629 licet
496 2603 659 2637 intelligere,
691 2603 758 2629 niliil
771 2603 797 2628 in
815 2610 904 2629 resur-

119 2647 252 2673 rectionis
265 2647 444 2680 pncdictione
468 2649 615 2679 contineri,
631 2648 703 2682 quod
719 2648 903 2682 separandum

120 2690 154 2717 iis
170 2699 184 2717 a
203 2693 284 2719 rebus
303 2694 347 2723 sit,
362 2701 430 2727 quas
448 2702 490 2720 res
513 2702 559 2728 pcr
586 2694 783 2727 experientiam
810 2694 905 2727 cogui—

159 2782 182 2797 '⁸
200 2781 231 2808 tv
249 2782 311 2817 [teg.
328 2791 351 2811 v.
375 2784 382 2808 l
404 2792 432 2817 sq
446 2792 465 2817 l}
518 2783 581 2808 Luc.
599 2791 632 2815 ir,
651 2783 688 2807 027,

950 1413 988 1442 είς
1001 1411 1086 1437 λεπτὰ
1101 1411 1310 1446 σφαιρωθεῖσαν,
1325 1411 1396 1437 κατὰ
1408 1411 1456 1446 τὴν
1467 1411 1516 1445 γῆν
1525 1410 1737 1442 διασκίδνασθαι,

949 1459 1016 1493 πρὸς
1043 1458 1119 1484 οὐδὲν
1145 1458 1198 1483 τῶν
1223 1458 1401 1492 ἐπιτυχόντων
1427 1456 1641 1491 ὲμμιγνυμένην.
1665 1456 1695 1481 Εἰ
1710 1455 1738 1481 δέ

948 1513 989 1535 τις
1007 1505 1085 1530 πάλιν
1099 1504 1128 1530 τὸ
1147 1504 1264 1538 πολλαχῆ
1276 1503 1499 1538 κατεσπαρμένον
1512 1504 1551 1534 εἰς
1569 1502 1597 1528 ἓν
1616 1502 1739 1536 συναγεί-

951 1558 1030 1584 ρειεν,
1043 1549 1201 1583 αὐτομάτως
1213 1548 1368 1583 ἁναχεῖσῦαι
1381 1549 1448 1583 πρὸς
1458 1549 1487 1574 τὸ
1499 1548 1641 1582 ὁμόφυλον,
1651 1548 1738 1574 οὐδενὶ

951 1595 1024 1629 μέσῳ
1038 1594 1104 1628 πρὸς
1115 1594 1163 1629 τὴν
1180 1594 1282 1620 οίκείαν
1302 1594 1373 1628 μίξιν
1390 1594 1588 1629 διειργομὲνην.
1615 1593 1739 1620 Τοιοῦτόν

949 1650 975 1666 τι
989 1641 1086 1676 χρῆναι
1103 1640 1203 1675 νομίζω
1221 1640 1268 1666 καὶ
1288 1640 1352 1675 περὶ
1368 1640 1397 1666 τὸ
1414 1639 1581 1675 ἀνθρώπινον
1599 1639 1738 1674 σύγκριμα

949 1686 1129 1713 διανοεῖσθαι·
1157 1687 1180 1712 εἰ
1198 1686 1277 1720 μόνον
1295 1685 1399 1719 γένοιτο
1414 1685 1487 1720 παρὰ
1507 1685 1553 1711 τοῦ
1568 1685 1634 1711 Θεοῦ
1651 1685 1680 1710 τὸ
1697 1686 1739 1710 ὲν-

951 1733 1069 1767 δόσιμον,
1084 1732 1243 1767 αὐτομάτως
1258 1732 1290 1757 τὰ
1306 1731 1460 1766 κατάλληλα
1475 1731 1544 1766 μέρη
1558 1732 1613 1762 τοῖς
1630 1731 1739 1761 οἰκείοις

951 1779 1197 1815 ἐπανακίρνασθαι,
1230 1778 1363 1813 μηδεμιᾶς
1389 1777 1520 1812 ὲργωὸίας
1545 1776 1584 1811 τῷ
1616 1777 1739 1802 ἀναστοι-

952 1825 1067 1860 χειοῦντι
1083 1825 1132 1860 τὴν
1149 1824 1228 1858 φύσιν
1242 1824 1284 1850 διὰ
1302 1824 1402 1849 τούτων
1418 1823 1604 1857 ἐγγινομένης,
1617 1822 1670 1848 Καὶ
1685 1821 1739 1856 γὰρ

952 1872 999 1898 ἐπὶ
1015 1871 1067 1897 τῶν
1084 1872 1114 1897 ὲν
1138 1872 1170 1906 τῇ
1188 1871 1222 1904 γῇ
1241 1869 1394 1904 φυομένων,
1415 1869 1509 1895 οὐδένα
1531 1868 1610 1894 πόνον
1632 1867 1739 1902 ὁρῶμεν

953 1918 1001 1952 τῆς
1016 1917 1122 1952 φύσεως
1137 1917 1182 1943 ἐπὶ
1199 1917 1244 1942 τὸν
1258 1916 1352 1950 πυρὸν,
1367 1916 1382 1950 ἣ
1401 1915 1448 1949 τὴν
1465 1915 1590 1949 κέγχρον,
1606 1914 1622 1948 ἢ
1641 1913 1703 1940 ἄλλο
1715 1921 1739 1938 τι

953 1964 1006 1990 τῶν
1032 1963 1150 1998 σιτηρῶν
1166 1963 1182 1997 ἢ
1206 1962 1343 1998 χεδροπῶν
1366 1962 1538 1996 σπερμάτων,
1556 1961 1584 1986 ἐν
1602 1960 1639 1994 τῷ
1656 1968 1739 1994 μετα-

955 2010 1061 2036 δαλλειν
1085 2010 1125 2040 εἰς
1144 2008 1269 2042 καλάμην
1296 2008 1342 2033 καὶ
1367 2007 1496 2041 ἀθέρικας
1522 2006 1568 2032 καὶ
1591 2005 1738 2039 ἀστάχυας.

962 2055 1211 2091 Ἀπραγματεύτως
1230 2054 1284 2088 γὰρ
1303 2053 1373 2079 κατὰ
1393 2053 1422 2078 το
1438 2052 1588 2086 αὐτόματον
1607 2053 1623 2085 ἡ
1640 2051 1740 2076 κατάλ-

955 2102 1033 2136 ληλος
1054 2100 1140 2136 τροφὴ
1161 2101 1192 2126 ἐκ
1214 2099 1259 2125 τοῦ
1277 2098 1366 2125 κοινοῦ
1393 2098 1460 2133 πρὸς
1481 2098 1529 2132 τὴν
1556 2097 1668 2123 ἑκάστου
1687 2097 1740 2122 τῶν

957 2147 1119 2182 σπερμάτων
1139 2146 1256 2180 ἰδιότητα
1272 2144 1437 2179 μεταὸαίνει.
1455 2145 1485 2170 Εἰ
1504 2141 1549 2170 οὖν
1567 2143 1658 2177 κοινῆς
1674 2143 1739 2168 πᾶσι

956 2194 1010 2224 τοῖς
1039 2191 1181 2226 φυομένοις
1204 2192 1252 2224 τῆς
1280 2190 1390 2225 ἰκμάδος
1414 2190 1610 2224 ὑποκειμένης,
1628 2189 1740 2214 ’ἑκαστον

956 2239 1008 2264 τῶν
1024 2238 1056 2264 δι’
1082 2237 1166 2271 αὐτῆς
1189 2237 1360 2271 τρεφομένων
1383 2236 1413 2261 ’τὸ
1430 2235 1595 2270 κατάλληλον
1625 2235 1740 2260 ἔσπασεν

956 2286 994 2315 εἰς
1006 2285 1053 2319 τὴν
1069 2284 1114 2309 τοῦ
1131 2283 1229 2308 οἰκείου
1248 2282 1404 2316 προσθήκην
1415 2290 1420 2295 ·
1447 2282 1471 2307 τί
1487 2281 1589 2311 καινὸν,
1613 2282 1636 2306 εί
1653 2280 1699 2306 καὶ
1713 2280 1741 2305 ἑν

955 2329 993 2364 τῷ
1005 2329 1052 2363 τῆς
1076 2327 1247 2357 ἀναστάσεως
1263 2327 1332 2360 λόγῳ
1351 2327 1413 2360 παρ’
1432 2326 1545 2351 ἑκάστου
1566 2325 1619 2350 τῶν
1633 2325 1741 2350 ἀνιστα-

958 2375 1054 2410 μένων,
1069 2374 1158 2404 καθὼς
1175 2374 1219 2398 ἐπὶ
1237 2373 1289 2397 τῶν
1305 2373 1479 2407 σπερμάτων,
1499 2371 1640 2406 συμῧαίνει
1656 2369 1740 2400 οὕτως

957 2419 1077 2453 γίνεσθαι
1095 2419 1142 2453 τὴν
1164 2418 1209 2443 τοῦ
1225 2417 1323 2443 οἰκείου
1344 2417 1444 2451 ὁλκήν;
1473 2417 1551 2442 Ὥστε
1568 2416 1596 2447 ἐξ
1614 2416 1741 2441 ἁπάντων

957 2465 1067 2491 δυνατὸν
1083 2462 1150 2490 εἶναι
1166 2464 1268 2498 μαθεῖν,
1281 2463 1362 2497 μηδὲν
1378 2462 1427 2494 ἔξω
1442 2462 1494 2488 τῶν
1508 2464 1538 2496 τῇ
1551 2462 1632 2495 πείρᾳ
1644 2469 1742 2496 γνωρι-

958 2509 1076 2544 ζομένων
1091 2508 1120 2534 τὸ
1136 2509 1263 2542 κήρυγμα
1279 2508 1412 2542 περιέχειν
1426 2507 1472 2541 τῆς
1487 2504 1741 2536 ἀναστάσειι)ς.1ίαί-

958 2563 1029 2588 τοιγε
1044 2554 1073 2579 τὸ
1087 2553 1294 2587 γνιι)ριμὼτοιτον
1313 2553 1365 2578 τῶν
1381 2552 1520 2587 ἡμετέρων
1537 2551 1739 2584 ἐσιωπήσαμεν.

959 2600 1040 2635 αὐτὴν
1055 2600 1125 2633 λέγω
1138 2599 1184 2634 τὴν
1206 2598 1315 2633 πρώτην
1332 2599 1379 2632 τῆς
1395 2598 1547 2627 συστάσεως
1562 2596 1638 2631 ἡμῶν
1655 2596 1739 2630 ἀφορ-

961 2648 1023 2681 μήν.
1037 2647 1083 2677 Τίς
1096 2646 1148 2681 γὰρ
1160 2646 1208 2671 οὐκ
1220 2643 1271 2670 οἶδε
1282 2645 1329 2678 τὴν
1343 2643 1553 2678 Οαυματοττοιίαν
1563 2643 1611 2676 τῆς
1625 2642 1740 2675 φύσεως,

960 2692 985 2718 τί
1009 2692 1157 2726 λαθοῦταὴ
1184 2690 1294 2725 μητρῷα
1314 2690 1409 2724 νηδὺς,
1436 2690 1461 2715 τί
1485 2688 1684 2725 ἀπεργάζεται;
1707 2685 1740 2712 ’Ἠ
