1859 2979
142 105 204 131 ttzt

747 108 774 136 S.
792 110 952 138 Gttsscontt
969 112 1112 141 NYSSENl

1697 118 1764 145 ¹¹52

140 161 246 188 collecti
261 168 314 188 non
327 163 507 196 conveniant,
523 165 705 193 comminisci.
720 166 924 195 Reminiseatur
941 177 962 204 Α
979 172 1074 205 μᾶσαι,
1088 169 1164 204 οὗτος
1178 173 1298 208 ἀκριὸὧς
1311 173 1463 209 περίκειται
1476 174 1524 209 τὴν
1538 175 1633 209 στολὴν
1645 175 1762 210 ἐκείνην,

140 214 205 241 ergo
219 207 309 234 denuo
323 214 406 243 atque
422 211 581 238 recordetur
595 213 708 247 primam
728 215 860 242 orationis
878 215 926 242 do·

141 251 256 278 ctrinam
272 261 279 278 :
297 261 360 279 nam
378 255 424 288 qui
439 255 474 281 ita
491 263 550 283 sese
565 258 669 291 paravit
682 279 689 290 ,
704 263 732 285 ιιι
745 259 828 287 libere
842 259 926 286 Deum

141 301 246 331 patrem
267 306 347 325 snum
370 301 512 328 nominare
530 303 644 334 audeat,
667 303 689 330 is
713 305 791 338 plane
807 305 926 332 amictus

141 347 183 370 cst
197 343 241 370 illa
257 345 324 371 stola
337 364 343 376 ‚
359 353 439 379 quam
452 348 539 374 oratio
556 348 719 383 descripsit,
735 350 927 383 tintinnabulis

142 395 269 423 resonat,
286 392 424 425 corymbis
438 393 595 426 decoratur,
614 395 686 422 circa
708 400 803 430 pectus
826 404 927 430 prazee-

142 439 250 469 plorum
271 436 422 471 fulgoribus
442 439 613 473 resplendet,
638 444 726 475 gestat.
741 441 861 468 innueris
880 449 927 475 pa-

141 481 276 510 triarchas
298 487 325 510 ct
344 484 507 518 prophetas,
531 486 591 511 loco
616 486 757 512 nominum
780 487 927 514 virtutibus

141 529 250 556 illorum
270 529 303 556 ad
326 530 368 557 sui
393 535 519 557 ornatum
542 532 682 559 translatis
701 542 706 559 :
726 538 808 567 caput
825 541 927 560 corona

138 575 250 609 justitiae
265 583 361 608 ornat,
388 577 516 611 capillum
539 578 642 605 caelesti
663 583 802 612 unguento
819 579 927 606 delibu-

140 625 198 648 tum
211 621 307 653 babet,
332 626 357 649 et
379 623 448 648 intra
463 624 668 657 supercoelestia
684 625 765 659 adyta
781 630 925 652 versatur:

140 675 200 702 quse
223 669 296 694 omni
322 669 479 702 cogitationi
507 670 627 703 profanae
656 678 749 697 revera
773 671 855 697 ἄδυτα
866 691 872 702 ,
900 671 927 697 id

139 717 182 740 est
199 713 414 747 impenetrabilia
431 719 512 749 atque
530 716 669 742 inaccessa
693 721 767 743 sunt.
780 717 927 744 Enimvero

140 759 277 792 quomodo
294 764 320 786 ct
337 766 496 786 exornatum
514 765 540 787 et
559 761 724 789 instructum
746 771 808 790 esse
829 772 927 790 conve-

139 805 196 830 niat
213 812 273 831 eum
287 824 294 835 ,
310 806 354 839 qui
371 806 522 833 sacerdotis
537 807 623 834 officio
639 807 783 836 functurus
801 809 853 841 sit,
870 817 926 836 nic-

139 849 269 877 diocriter
285 858 331 885 per
347 859 378 878 ea
396 860 454 886 quac
468 856 583 879 tractata
598 859 679 888 atque
695 855 828 888 cxpticata
843 859 923 887 sunt,

139 897 226 923 oratio
243 897 455 931 demonstravit3
471 899 603 933 reliquum
621 899 702 926 t'uerit
725 901 811 935 ipsam
834 901 926 927 consi-

978 217 1010 251 ἣν
1028 219 1041 244 ὁ
1065 218 1142 252 λόγος
1158 218 1324 254 ὑπέγραψεν,
1344 219 1391 245 καὶ
1409 220 1471 254 ἠχεῖ
1485 221 1540 252 τοῖς
1555 220 1693 252 κώδωσιν,
1717 222 1764 247 καὶ

977 263 1084 294 ἐξανθεῖ
1103 265 1157 295 τοῖς
1182 265 1312 299 ῥοΐσκοις·
1332 266 1378 292 καὶ
1395 265 1496 300 λάμπει
1528 267 1592 301 περὶ
1612 267 1642 292 τὸ
1668 267 1763 301 στῆθος

977 310 1037 340 ταῖς
1049 309 1102 336 τῶν
1114 310 1227 336 ἐντολῶν
1242 311 1337 344 αὐγαῖς
1347 331 1353 342 ,
1371 311 1417 337 καὶ
1431 311 1508 346 φέρει
1523 306 1579 343 τοῖς
1595 312 1681 347 ὥμοις
1701 313 1763 343 τοὺς

979 352 1149 387 πατριάρχας
1165 353 1212 379 καὶ
1227 355 1378 389 προφήτας,
1393 356 1453 381 ἀντὶ
1468 355 1522 381 τῶν
1542 356 1697 390 ὀνομάτων,
1714 356 1763 387 τὰς

977 396 1077 430 ἀρετὰς
1095 397 1205 423 ἐκείνων
1222 399 1260 430 εἰς
1277 399 1322 425 τὸν
1344 399 1407 426 ἴδιον
1419 400 1520 435 κόσμον
1536 402 1763 437 μετακοσμήσας·

978 441 1025 466 καὶ
1035 441 1083 476 τὴν
1096 443 1214 478 κεφαλὴν
1229 446 1325 478 κοσμεῖ
1337 445 1375 479 τῷ
1385 446 1433 480 τῆς
1446 446 1616 481 δικαιοσύνης
1629 448 1764 484 στεφάνῳ,

978 486 1025 511 καὶ
1049 487 1098 522 τὴν
1127 488 1213 523 κόμην
1235 488 1291 523 ἔχει
1315 490 1353 525 τῷ
1370 491 1487 526 οὐρανίῳ
1506 491 1583 526 μύρῳ
1603 492 1762 527 διαδροχον,

977 531 1052 563 ἐντός
1074 540 1101 557 τε
1121 532 1225 565 γίνεται
1248 533 1302 559 τῶν
1327 534 1531 569 ὐπερουρανίων
1552 535 1673 561 ἀδύτων·
1693 535 1764 570 ἅπερ

978 578 1058 604 παντὶ
1082 578 1204 612 λογισμῷ
1230 578 1334 613 βεὸήλῳ
1355 579 1437 606 ἄδυτα
1463 580 1500 611 ὡς
1516 580 1624 614 ἀληθῶς
1645 581 1764 606 ἐστικαὶ

978 624 1135 649 ἀνεπίῦατα.
1159 623 1227 648 Ἀλλ’
1242 624 1315 655 ὅπως
1335 625 1466 660 προσήκει
1484 625 1706 660 παρεσκευάσθαι
1719 625 1763 651 τὸν

979 669 1141 705 ἱερωμένον,
1167 670 1283 704 μετρίως
1309 671 1337 696 ἐν
1357 672 1412 702 τοῖς
1436 671 1627 706 ἐξητασμένοις
1651 672 1664 696 ὁ
1687 671 1764 704 λόγος

978 715 1128 746 ὑπέδειξεν·
1147 715 1239 741 λοιπον
1256 715 1276 740 δ’
1292 716 1324 741 ἂν
1340 717 1381 751 εἴη
1398 718 1506 742 σκοπεῖν
1524 717 1606 751 αὐτὴν
1623 716 1671 750 τὴν
1686 716 1764 751 αἴτη-

979 770 1029 792 σιν,
1047 761 1079 795 ἣν
1101 761 1247 796 προσάγειν
1269 761 1395 787 ἐκέλευσε
1415 761 1453 796 τῷ
1469 762 1538 796 Θεῷ,
1558 762 1603 787 τὸν
1619 762 1694 792 ἐντὸς
1711 761 1764 787 τῶν

978 807 1080 833 ἀδύτων
1099 807 1253 841 γενόμενον.
1276 807 1312 833 Οὐ
1334 807 1387 841 γάρ
1403 816 1447 842 μοι
1471 807 1543 833 δοκεῖ
1564 807 1633 834 κατὰ
1650 807 1679 833 τὺ
1699 808 1764 842 ⁷196<

978 861 1078 888 χειρον,
1095 852 1227 887 εὔληπτον
1245 853 1373 888 παρέχειν
1391 854 1455 888 ἡμῖν
1470 854 1518 888 τὴν
1539 854 1665 887 διάνοιαν,
1680 854 1764 888 ψιλῶς

978 899 1028 934 τῆς
1047 899 1200 934 προσευχῆς
1216 899 1359 925 ἐκτεθέντα
1373 899 1407 925 τὰ
1419 900 1538 934 ῥήματα.

138 943 233 970 derare
250 944 424 977 petitionem,
443 954 524 980 quam
543 954 620 978 eum,
639 947 684 981 qui
701 948 770 975 intra
801 949 910 984 adytum
940 952 1076 978 versatur,
1105 947 1159 974 Deo
1191 946 1288 974 offerre
1316 947 1420 981 jussit:
1436 955 1489 974 non
1508 949 1579 974 enim
1597 947 1663 974 mini
1684 947 1763 975 verba

137 990 269 1016 orationis
295 991 367 1018 nude
391 993 511 1027 exposita
526 1014 532 1026 ‚
564 994 650 1027 prima
677 995 746 1022 facie
775 1000 901 1030 percepta
915 1017 922 1028 ‚
943 996 1049 1023 facilem
1065 995 1143 1022 nobis
1158 995 1320 1022 sententiam
1336 995 1455 1030 praebere
1470 995 1603 1022 videntur.

172 1036 370 1072 Sanctifitctur,
388 1040 493 1073 inquit,
509 1049 603 1067 nomen
622 1047 714 1074 ιιιιιιιι;
737 1043 856 1070 adveniat
875 1053 923 1071 νε-
940 1051 961 1078 Β

136 1091 217 1117 quum
235 1089 319 1110 tuum.
336 1084 406 1117 Quid
423 1086 479 1112 lnce
493 1086 526 1113 ad
544 1087 570 1112 id
582 1107 588 1119 ‚
605 1088 677 1122 qnod
694 1089 759 1115 milii
778 1097 846 1124 opus
860 1090 923 1116 est?

137 1128 238 1155 dixerit
256 1129 355 1164 aliquis
372 1130 470 1162 ltomo,
486 1132 527 1158 vel
547 1137 658 1167 propter
673 1139 785 1168 peecata
802 1135 924 1169 seipsum

137 1181 185 1208 per
202 1175 389 1209 poenitentiam
406 1177 559 1211 castigans,
581 1179 623 1205 vel
643 1184 672 1206 ut
690 1185 829 1214 peccatum
847 1182 923 1208 inva-

138 1219 244 1247 lescens
259 1221 386 1255 effugiat,
405 1222 488 1249 Deum
514 1223 542 1250 in
568 1224 699 1251 auxilium
717 1233 836 1258 vocans,
854 1234 925 1253 sem-

138 1273 187 1300 per
202 1266 230 1293 in
248 1267 334 1293 oculis
350 1267 452 1294 habens
469 1276 530 1295 eum
543 1289 550 1301 ‚
566 1270 613 1304 qui
629 1278 678 1304 per
693 1272 858 1299 tentationes
874 1272 925 1298 im-

138 1316 259 1345 pugnat:
276 1311 339 1338 hinc
357 1312 396 1338 ira
413 1313 547 1340 rationem
569 1322 584 1341 a
609 1316 783 1348 constantia,
801 1317 925 1343 modera-

137 1356 212 1384 tione
223 1377 230 1389 ,
246 1362 327 1391 atque
343 1357 430 1384 ossicio
446 1358 576 1385 deducit:
594 1360 669 1387 illinc
684 1368 774 1387 rerum
791 1361 924 1388 absurda-

137 1409 198 1429 rum
212 1403 374 1437 cupiditates
390 1404 474 1430 animi
489 1405 609 1439 vigorem
624 1411 775 1433 enervant:
791 1407 825 1434 al)
841 1408 925 1434 attera

137 1452 214 1482 parte
229 1449 341 1475 avaritia
356 1454 383 1476 et
397 1450 436 1477 rei
452 1458 508 1477 suae
521 1451 618 1485 quovis
632 1452 711 1479 modo
728 1453 857 1486 augendae
867 1457 925 1480 stu-

137 1494 211 1521 dium
231 1495 381 1529 perspicaci
400 1497 470 1530 parti
488 1497 579 1524 cordis
597 1497 787 1525 hebetudinem
802 1502 828 1525 et
846 1499 925 1525 caeci-

138 1544 220 1566 tatem
238 1541 343 1568 inducit
358 1551 364 1575 ;
382 1542 469 1569 fastus
481 1562 488 1573 ‚
503 1542 631 1576 superbia
644 1563 650 1575 ,
665 1543 757 1570 odium
768 1564 775 1577 ,
791 1545 926 1580 reliquus-

137 1593 189 1619 que
199 1586 417 1614 adversariorum
431 1592 586 1614 nostrorum
597 1589 736 1623 catalogus
747 1593 774 1617 et
784 1598 923 1623 numerus,

137 1635 267 1666 tanquam
284 1637 393 1659 caterva
417 1634 535 1660 hostium
558 1634 679 1669 undique
701 1643 731 1662 se
755 1636 924 1663 circumfun-

137 1676 205 1704 dens
217 1698 224 1710 ‚
243 1683 428 1705 extremorum
449 1680 582 1706 malorum
601 1681 697 1707 animae
715 1683 864 1716 periculum
883 1683 925 1709 in-

137 1722 232 1750 ducit:
252 1729 278 1751 et
293 1725 338 1758 qui
356 1725 413 1751 lime
429 1725 544 1752 firmiori
561 1727 665 1753 auxilio
681 1727 790 1754 studeat
805 1728 924 1762 effugere

137 1773 219 1803 atque
235 1770 337 1797 evitare
350 1791 356 1801 ‚
373 1771 472 1805 quibus
490 1772 581 1799 verbis
598 1773 684 1808 magis
699 1774 817 1807 propriis
833 1779 923 1801 utere--

137 1815 202 1841 tur?
227 1822 317 1844 annon
341 1817 440 1850 quibus
463 1817 546 1844 David
564 1826 629 1845 usus
652 1819 716 1845 est?
738 1819 864 1852 Eripiar,
881 1820 923 1846 in-

136 1861 250 1895 quiens,
279 1870 310 1888 ex
333 1863 392 1889 odio
419 1864 636 1898 prosequentibus
664 1873 703 1891 me
717 1866 761 1898 ⁶²3
780 1870 807 1892 ct
819 1886 826 1897 ,
843 1868 923 1892 Aver-

137 1910 227 1931 tantur
245 1906 344 1932 inimici
363 1908 412 1933 mei
431 1913 575 1935 retrorsum
593 1911 636 1943 ⁶³;
656 1915 698 1944 et,
724 1911 764 1938 Da
785 1913 858 1939 nobis
876 1922 924 1939 au-

135 1952 229 1978 xilium
242 1961 274 1979 ex
289 1954 455 1988 afflictionem
469 1965 474 1981 :
488 1959 514 1982 ct
527 1964 694 1991 quaeeunque
709 1958 772 1984 talia
787 1963 860 1991 sunt,
876 1967 924 1994 per

137 2005 196 2031 quae
208 1999 337 2025 auxilium
353 1999 398 2026 Dei
419 2005 513 2027 contra
531 2001 702 2029 adversarios
716 2003 835 2030 excitare
849 2004 921 2031 licet.

137 2043 214 2070 Nunc
237 2053 299 2071 vero
322 2045 417 2072 modus
433 2046 530 2072 orandi
549 2047 614 2080 quid
631 2048 775 2075 continet?
793 2048 921 2083 Sanctifi-

136 2094 209 2115 cetur
227 2098 319 2116 nomen
338 2096 420 2118 tuum.
439 2092 466 2118 Si
484 2092 556 2118 enim
572 2092 623 2120 noc
638 2101 653 2119 a
671 2101 713 2121 me
730 2101 785 2120 non
803 2094 921 2128 dicatur,

137 2134 258 2168 nunquid
281 2135 337 2161 fieri
364 2141 469 2169 potest,
489 2142 517 2163 ut
537 2146 636 2165 nomen
658 2139 704 2166 Dei
726 2144 849 2166 sanctum
868 2148 921 2167 non

136 2179 194 2205 sit?
210 2179 335 2205 Advenint
354 2188 460 2214 regnum
477 2186 560 2208 tuum.
582 2183 652 2215 Quid
668 2184 740 2210 enim
758 2192 772 2209 a
790 2188 923 2218 potestate

136 2223 183 2250 Dei
203 2225 320 2251 alienum
337 2230 379 2251 est
395 2245 402 2257 ,
424 2226 468 2260 qui
481 2246 488 2258 ,
509 2231 538 2253 ut.
559 2228 646 2262 inquit
667 2229 751 2256 isaias
769 2229 812 2261 ⁶¹⁵,
833 2234 920 2256 totum

136 2269 234 2295 coelnm
251 2270 341 2303 palmo
360 2271 566 2304 comprehendit
579 2293 585 2305 ,
603 2273 649 2307 qui
674 2274 846 2308 amplectitur
868 2279 922 2302 ter-

136 2320 193 2339 ram
208 2333 215 2344 ‚
236 2315 281 2348 qui
304 2314 441 2341 humidam
462 2320 588 2343 naturam
605 2318 631 2344 in
654 2326 735 2345 manu
757 2319 878 2346 continet
895 2323 922 2347 et.

136 2360 342 2393 comprehendit
356 2380 364 2392 ,
393 2361 438 2394 qui
465 2368 573 2389 omnem
600 2364 766 2390 mundanam
792 2365 872 2391 simul
894 2369 921 2393 et

137 2405 386 2438 supramundanam
402 2411 526 2433 naturam
541 2409 618 2442 quasi
636 2409 662 2435 in
678 2409 750 2436 ulnis
765 2412 875 2443 gestat?
891 2411 919 2438 Si

135 2447 217 2480 igitur
231 2456 328 2475 nomen
345 2449 390 2475 Dei
405 2458 512 2484 semper
529 2456 653 2480 sanctum
669 2459 727 2485 cst,
743 2462 774 2480 ac
789 2455 854 2481 nibil
880 2455 920 2482 cs-

136 2492 203 2526 tngit
218 2494 270 2519 vim
286 2494 480 2523 dominationis
495 2496 540 2523 Dei
552 2518 560 2529 ‚
587 2498 634 2525 sed
650 2504 676 2525 ct
691 2500 812 2526 omnium
828 2508 918 2528 rerum

137 2538 246 2570 potitur,
266 2543 292 2564 et
309 2540 382 2573 qnod
401 2541 432 2566 ad
448 2542 693 2571 sanctificationem
712 2545 829 2577 attinet,
846 2547 919 2581 adje-

135 2581 224 2605 ctione
239 2582 354 2615 amplius
367 2592 434 2617 opus
451 2593 503 2611 non
520 2586 616 2619 babet,
632 2589 730 2623 quippe
743 2590 786 2616 cui
801 2598 848 2624 per
861 2598 919 2617 om-

136 2626 178 2650 nia
196 2626 261 2651 nibil
279 2626 370 2659 deest,
390 2630 435 2655 sed
460 2632 596 2664 perfectus
612 2638 673 2661 cst:
697 2635 764 2668 quid
785 2636 836 2662 sibi
863 2637 919 2664 vult

136 2671 187 2697 lmc
202 2676 322 2705 optatum
333 2694 339 2705 ,
356 2673 542 2708 Sanctificetur
558 2687 650 2705 nomen
675 2684 769 2706 tuum:
794 2680 917 2708 adveniat

138 2725 243 2750 myrtum
260 2722 333 2743 tuum
348 2720 359 2744 ζ)
374 2720 413 2745 An
430 2722 542 2749 lumitati
558 2725 610 2751 talc
626 2725 764 2760 quidpiam
782 2725 914 2758 Verbum,

168 2810 190 2824 ⁶¹
213 2809 281 2836 l'sal.
300 2819 360 2841 ιιι,
382 2812 420 2837 lb}
462 2813 481 2827 '¹'
502 2812 560 2839 l's.·l
590 2821 631 2845 ω,
656 2814 693 2841 Η).

733 2814 755 2829 ³*
777 2814 847 2841 l'sal.
867 2822 920 2845 Lm,
942 2815 980 2841 13.

1017 1043 1208 1078 Ἁγιασθήτω,
1236 1044 1316 1078 φησι,
1346 1042 1378 1068 τὸ
1398 1042 1492 1076 ὄνομά
1514 1049 1590 1068 σου”
1613 1041 1722 1068 ἐλθέτω
1745 1042 1763 1076 ἡ

972 1090 1116 1122 βασιλεία
1128 1097 1195 1116 σου.
1209 1089 1240 1115 Τί
1250 1089 1333 1114 ταῦτα
1346 1088 1413 1123 πρὸς
1423 1089 1471 1123 τὴν
1483 1088 1550 1123 ἐμὴν
1567 1088 1676 1122 χρείαν;
1690 1089 1761 1114 εἴποι

974 1144 1015 1166 τις
1037 1135 1193 1170 ἄνθρωπος,
1213 1135 1229 1169 ἢ
1251 1135 1296 1160 ἐπὶ
1322 1133 1468 1168 ἁμαρτίαις
1495 1128 1589 1160 ἑαυτὸν
1615 1132 1658 1159 διὰ
1683 1141 1763 1167 μετα-

975 1180 1047 1211 νοίας
1072 1180 1225 1214 μαστίζων,
1247 1180 1263 1214 ἢ
1288 1180 1361 1210 ὅπως
1386 1179 1418 1205 ἂν
1433 1179 1513 1213 φύγοι
1538 1178 1763 1213 κατακρατοῦσαν

974 1226 1023 1262 τὴν
1045 1226 1197 1262 ἁμαρτίαν,
1216 1226 1261 1252 τὸν
1282 1226 1347 1252 Θεὸν
1369 1226 1409 1256 εἰς
1435 1225 1591 1260 συμμαχίαν
1614 1225 1718 1257 καλῶν,
1735 1227 1763 1251 ἐν

975 1271 1121 1306 ὀφθαλμοῖς
1137 1271 1205 1306 ’έχων
1220 1271 1263 1298 ἀεὶ
1277 1271 1320 1297 τὸν
1335 1271 1378 1296 διὰ
1393 1270 1447 1296 τῶν
1461 1270 1620 1305 πειρασμῶν
1639 1279 1763 1305 προσπα-

975 1317 1093 1343 λαίοντα.
1118 1316 1213 1343 Ἔνθεν
1226 1317 1250 1343 οἱ
1266 1317 1346 1351 θυμοὶ
1365 1316 1410 1342 τὸν
1425 1316 1554 1350 λογισμὸν
1571 1316 1617 1342 τοῦ
1631 1316 1763 1351 καθεστη-

976 1364 1052 1394 κότος
1069 1363 1253 1398 παράγουσιν·
1272 1362 1375 1389 ἐκεῖθεν
1389 1363 1417 1388 αἱ
1431 1361 1485 1388 τῶν
1500 1362 1607 1388 ἀτόπων
1621 1362 1762 1397 ἐπιθυμίαι

975 1409 1019 1435 τὸν
1047 1410 1122 1435 τόνον
1146 1409 1196 1444 τῆς
1227 1409 1316 1443 ψυχῆς
1347 1408 1562 1442 ὲκνευρίζουσιν·
1591 1407 1722 1443 ἑτέρωθεν
1746 1409 1762 1442 ἡ

976 1456 1115 1488 πλεονεξία
1129 1456 1251 1490 πήρωσιν
1263 1455 1360 1489 ἐπάγει
1373 1455 1412 1489 τῷ
1423 1454 1567 1490 διορατικῷ
1579 1454 1627 1489 τῆς
1639 1453 1761 1489 καρδίας,

975 1503 989 1528 ὁ
1001 1501 1095 1535 τῦφος,
1112 1501 1128 1536 ἠ
1147 1499 1329 1535 ὑπερηφανία,
1342 1499 1372 1526 τὸ
1390 1501 1477 1535 μῖσος,
1495 1501 1508 1526 ὁ
1523 1499 1613 1530 λοιπὸς
1627 1499 1680 1524 τῶν
1693 1499 1762 1525 ἀντι-

976 1546 1143 1572 παλαιόντων
1157 1545 1221 1579 ἡμῖν
1238 1544 1396 1578 κατάλογος.
1410 1541 1472 1570 Οἷόν
1488 1553 1513 1570 τι
1532 1545 1622 1577 στῖφος
1636 1543 1763 1577 πολέμιον

975 1592 1004 1617 ἐν
1020 1590 1111 1625 κύκλῳ
1125 1590 1406 1625 περιστοιχισὸιμενον,
1423 1590 1468 1615 τὸν
1486 1589 1549 1624 περὶ
1565 1589 1618 1615 τῶν
1641 1589 1762 1623 ἐσχάτων

976 1635 1072 1669 ἐπάγει
1092 1636 1123 1669 τῇ
1139 1635 1211 1669 ψυχῇ
1230 1634 1359 1660 κίνδυνον.
1377 1632 1442 1660 Εἶτα
1458 1635 1472 1660 ὁ
1491 1634 1600 1660 ἑκδύναι
1615 1633 1700 1659 ταῦτα
1720 1633 1762 1659 διὰ

976 1681 1024 1715 τῆς
1041 1680 1195 1715 κρείττονος
1210 1679 1370 1714 συμμαχίας
1387 1679 1555 1711 σπουδάζων,
1571 1679 1657 1709 ποίοις
1671 1678 1702 1704 ἂν
1716 1687 1761 1703 κυ-

938 1718 957 1746 C
976 1725 1104 1761 ριωτερον
1122 1725 1253 1760 χρήσαιτο
1277 1724 1381 1758 λόγοις;
1407 1725 1455 1758 οὐχ
1479 1722 1519 1755 οἷς
1534 1725 1547 1750 ὁ
1563 1724 1650 1758 μέγας
1665 1723 1761 1755 Δαὸὶδ,

981 1771 1137 1804 Ῥυσθειήν·
1158 1771 1193 1797 ἐκ
1219 1770 1278 1796 τῶν·
1301 1771 1473 1805 μισούντων
1495 1778 1550 1804 με,
1579 1770 1679 1803 λέγων·
1697 1770 1761 1801 καὶ,

980 1817 1260 1851 ’Λποστραφείησαν
1283 1817 1309 1842 οὶ
1328 1816 1428 1850 ἐχθροί
1448 1825 1508 1850 μου
1529 1817 1572 1848 εἰς
1595 1816 1631 1842 τὰ
1649 1815 1760 1841 ὀπίσω·

974 1863 1037 1896 καὶ,
1065 1863 1120 1895 Δὸς
1147 1862 1220 1896 ἡμῖν
1243 1861 1389 1894 ,βοήθειαν
1412 1862 1445 1887 ἐκ
1470 1861 1611 1895 θλίψεως,
1640 1861 1686 1887 καὶ
1712 1861 1761 1886 ὅσα

973 1908 1099 1938 τοιαῦτα,
1122 1907 1155 1933 δι’
1171 1903 1207 1933 ὧν
1227 1906 1283 1932 ἔστι
1307 1906 1353 1932 τοῦ
1371 1905 1437 1932 Θεοῦ
1453 1905 1503 1940 τὴν
1519 1905 1675 1940 συμμαχίαν
1692 1905 1761 1931 κατὰ

973 1953 1026 1979 τῶν
1050 1952 1177 1979 ἐναντίων
1202 1952 1392 1986 διαναστήσαι;
1411 1951 1479 1978 Νυνὶ
1492 1951 1520 1978 δέ
1534 1951 1560 1977 τί
1582 1959 1663 1986 φησιν
1679 1951 1693 1977 ὁ
1713 1951 1761 1984 τῆς

974 1999 1128 2034 προσευχῆς
1145 1998 1242 2033 νόμος;
1270 1997 1448 2032 Ἁγιασθήτω
1473 1997 1505 2024 τὸ
1531 1997 1626 2031 ὄνομά
1641 2003 1708 2023 σου.
1731 1995 1761 2022 Et

973 2046 1026 2080 γὰρ
1045 2045 1081 2080 μὴ
1104 2045 1207 2078 λέγοιτο
1228 2043 1292 2078 παρ’
1319 2043 1386 2078 ἐμοῦ
1398 2043 1494 2074 τοῦτο,
1510 2041 1563 2078 ἆρα
1579 2042 1688 2069 δυνατόν
1704 2042 1760 2068 ἐστι

974 2090 1014 2125 μὴ
1028 2090 1104 2123 ἅγιον
1119 2087 1187 2114 εἶναι
1202 2088 1249 2114 τοῦ
1271 2087 1338 2114 Θεοῦ
1358 2087 1388 2113 τὸ
1410 2087 1509 2122 ὅνομα;
1531 2087 1656 2113 Ἐλθέτω
1671 2086 1689 2118 ἡ
1704 2086 1760 2117 ,βα-

972 2134 1073 2160 σιλεία
1089 2142 1156 2160 σου.
1179 2132 1211 2158 Τί
1226 2132 1280 2167 γὰρ
1305 2133 1354 2167 τῆς
1380 2131 1503 2163 ἐξουσίας
1528 2130 1575 2157 τοῦ
1598 2130 1664 2157 Θεοῦ
1681 2130 1759 2165 ἠλλο-

972 2179 1099 2213 τρίωται,
1123 2177 1170 2204 τοῦ
1190 2177 1356 2212 διειληφότος
1375 2178 1408 2212 τῇ
1430 2176 1552 2211 σπιθαμῇ
1577 2176 1621 2202 τὸν
1647 2175 1759 2211 οὐρανὸν

972 2225 1047 2258 ὅλον,
1074 2223 1164 2254 καθώς
1184 2232 1265 2258 φησιν
1295 2222 1422 2254 Ἡσαΐας,
1442 2221 1489 2248 τοῦ
1515 2221 1758 2257 περιδεδραγμένου

972 2271 1021 2306 τὴν
1035 2271 1097 2305 γῆν,
1119 2269 1166 2295 τοῦ
1181 2268 1410 2304 περικρατοῦντος
1427 2268 1455 2294 ἐν
1475 2269 1506 2302 τῇ
1525 2267 1595 2302 χειρὶ
1608 2267 1655 2302 τὴν
1673 2266 1759 2301 ὑγρὰν

973 2316 1072 2350 φύσιν,
1103 2315 1132 2345 ὃς
1164 2315 1254 2340 πᾶσαν
1286 2313 1433 2348 ἐγκόσμιόν
1454 2322 1483 2338 τε
1507 2313 1554 2339 καὶ
1576 2313 1758 2347 ὑπερκόσμιον

973 2361 1166 2395 ἐνηγκάλισται
1187 2359 1290 2391 κτίσιν;
1309 2359 1340 2384 Εἰ
1360 2357 1406 2384 οῦν
1422 2359 1498 2392 ἅγιον
1518 2358 1561 2384 ἀεὶ
1584 2357 1631 2383 τοῦ
1647 2357 1713 2383 Θεοῦ
1729 2358 1758 2383 τὸ

972 2407 1080 2442 κράτος,
1096 2406 1142 2432 καὶ
1155 2405 1230 2431 οὐδὲν
1243 2404 1395 2438 ἐκπέφευγε
1411 2404 1441 2430 τὸ
1455 2404 1554 2439 κράτος
1566 2404 1615 2438 τῆς
1627 2403 1673 2429 τοῦ
1689 2403 1755 2430 Θεοῦ

952 2468 959 2474 ·
972 2453 1143 2483 δεσποτείας,
1160 2450 1228 2477 ἀλλὰ
1247 2450 1294 2476 καὶ
1310 2450 1406 2484 κρατεῖ
1423 2449 1540 2481 πάντων,
1565 2450 1611 2475 καὶ
1628 2449 1698 2475 κατὰ
1712 2449 1756 2475 τὸν

972 2498 1106 2532 ἀγιασμῦν
1131 2497 1288 2532 προσθήκης
1311 2496 1361 2521 οὐκ
1374 2495 1540 2530 ἐπιδέχεται,
1553 2495 1566 2520 ὀ
1584 2494 1626 2520 διὰ
1649 2495 1756 2520 πάντων

973 2543 1117 2577 ἀνελλιπὴς
1138 2543 1185 2569 καὶ
1206 2542 1323 2572 τέλειος·
1345 2540 1371 2567 τί
1386 2541 1508 2575 βούλεται
1527 2541 1542 2574 ἡ
1559 2539 1635 2574 εὐχὴ,
1665 2540 1756 2574 Ἀγια-

973 2589 1072 2621 σθήτω
1094 2588 1126 2614 τὸ
1148 2586 1240 2621 ὄνομά
1259 2594 1326 2613 σου’
1348 2586 1458 2614 ἐλθέτω
1486 2585 1663 2618 ἠβασιλεία
1679 2594 1753 2617 σου,

973 2636 1003 2661 Εἰ
1018 2635 1087 2669 τάχα
1101 2643 1126 2660 τι
1141 2632 1259 2658 τοιοῦτον
1273 2633 1287 2658 ὀ
1299 2631 1386 2664 Λόγος
1398 2631 1427 2656 ἐν
1440 2629 1477 2664 τῷ
1491 2630 1556 2656 εἴδει
1576 2631 1625 2665 τῆς
1641 2639 1755 2665 προσευ-

972 2682 1020 2715 χῆς
1036 2680 1206 2715 δογματίζει,
1222 2679 1261 2704 ὅτι
1280 2678 1393 2711 ἀσθενής
1413 2677 1470 2702 ἐστι
1486 2676 1552 2711 πρὸς
1567 2676 1669 2710 ἀγαθοῦ
1684 2684 1753 2708 τινος

971 2726 1064 2760 κτῆσιν
1080 2727 1095 2759 ἠ
1121 2724 1275 2758 ἀνθρωπίνη
1300 2723 1388 2757 φύσις,
1405 2723 1450 2748 καὶ
1466 2721 1509 2748 διὰ
1522 2721 1600 2748 τοῦτο
1612 2721 1662 2748 οὐκ
1680 2723 1710 2749 ἄν
1726 2730 1753 2749 τι

1021 2816 1040 2829 Μ
1062 2814 1111 2842 lsa.
1132 2823 1174 2846 ιι,
1196 2816 1234 2841 12.
