<?xml version="1.0" encoding="UTF-8"?>
<!DOCTYPE html PUBLIC "-//W3C//DTD XHTML 1.0 Transitional//EN"
    "http://www.w3.org/TR/xhtml1/DTD/xhtml1-transitional.dtd">
<html xmlns="http://www.w3.org/1999/xhtml" xml:lang="en" lang="en">
 <head>
  <title>
</title>
<meta http-equiv="Content-Type" content="text/html;charset=utf-8" />
  <meta name='ocr-system' content='tesseract 3.04.00' />
  <meta name='ocr-capabilities' content='ocr_page ocr_carea ocr_par ocr_line ocrx_word'/>
</head>
<body>
  <div class='ocr_page' id='page_1' title='image "./patrologiaecursu44mignuoft_0129.png"; bbox 0 0 1859 2979; ppageno 0'>
   <div class='ocr_carea' id='block_1_1' title="bbox 48 119 100 148">
    <p class='ocr_par' dir='ltr' id='par_1_1' title="bbox 48 119 100 148">
     <span class='ocr_line' id='line_1_1' title="bbox 48 119 100 148; baseline 0 -1"><span class='ocrx_word' id='word_1_1' title='bbox 48 119 100 148; x_wconf 65' lang='lat'><strong>&lt;245</strong></span> 
     </span>
    </p>
   </div>
   <div class='ocr_carea' id='block_1_2' title="bbox 665 105 1044 136">
    <p class='ocr_par' dir='ltr' id='par_1_2' title="bbox 665 105 1044 136">
     <span class='ocr_line' id='line_1_2' title="bbox 665 105 1044 136; baseline -0.016 0"><span class='ocrx_word' id='word_1_2' title='bbox 665 111 707 136; x_wconf 57' lang='lat' dir='ltr'><strong>nti</strong></span> <span class='ocrx_word' id='word_1_3' title='bbox 727 108 869 136; x_wconf 81' lang='lat' dir='ltr'><strong>llOMlNlS</strong></span> <span class='ocrx_word' id='word_1_4' title='bbox 891 105 1044 133; x_wconf 76' lang='lat' dir='ltr'>01¹1F1010.</span> 
     </span>
    </p>
   </div>
   <div class='ocr_carea' id='block_1_3' title="bbox 1622 94 1675 121">
    <p class='ocr_par' dir='ltr' id='par_1_3' title="bbox 1622 94 1675 121">
     <span class='ocr_line' id='line_1_3' title="bbox 1622 94 1675 121; baseline 0 0"><span class='ocrx_word' id='word_1_5' title='bbox 1622 94 1675 121; x_wconf 42' lang='lat'>‘2⁴26</span> 
     </span>
    </p>
   </div>
   <div class='ocr_carea' id='block_1_4' title="bbox 49 151 1674 211">
    <p class='ocr_par' dir='ltr' id='par_1_4' title="bbox 49 151 1674 211">
     <span class='ocr_line' id='line_1_4' title="bbox 49 151 1674 211; baseline -0.017 -8"><span class='ocrx_word' id='word_1_6' title='bbox 49 176 172 211; x_wconf 74' lang='grc' dir='ltr'>ψύχεται,</span> <span class='ocrx_word' id='word_1_7' title='bbox 188 172 232 200; x_wconf 80' lang='grc' dir='ltr'><strong>διὰ</strong></span> <span class='ocrx_word' id='word_1_8' title='bbox 260 170 337 199; x_wconf 73' lang='grc' dir='ltr'>τοῦτο</span> <span class='ocrx_word' id='word_1_9' title='bbox 363 172 409 198; x_wconf 70' lang='grc' dir='ltr'><strong>καὶ</strong></span> <span class='ocrx_word' id='word_1_10' title='bbox 426 172 454 196; x_wconf 77' lang='grc' dir='ltr'><strong>εν</strong></span> <span class='ocrx_word' id='word_1_11' title='bbox 480 169 517 205; x_wconf 75' lang='grc' dir='ltr'><strong>τῷ</strong></span> <span class='ocrx_word' id='word_1_12' title='bbox 536 168 628 204; x_wconf 80' lang='grc' dir='ltr'>θερμῷ</span> <span class='ocrx_word' id='word_1_13' title='bbox 651 168 698 202; x_wconf 76' lang='grc' dir='ltr'><strong>τὴν</strong></span> <span class='ocrx_word' id='word_1_14' title='bbox 716 166 832 200; x_wconf 77' lang='grc' dir='ltr'>ζωτικὴν</span> <span class='ocrx_word' id='word_1_15' title='bbox 849 166 870 194; x_wconf 85' lang='grc' dir='ltr'>Α</span> <span class='ocrx_word' id='word_1_16' title='bbox 886 162 958 198; x_wconf 91' lang='lat' dir='ltr'><strong>quod</strong></span> <span class='ocrx_word' id='word_1_17' title='bbox 968 162 1122 188; x_wconf 86' lang='lat' dir='ltr'><strong>emortuum</strong></span> <span class='ocrx_word' id='word_1_18' title='bbox 1140 160 1191 190; x_wconf 84' lang='lat' dir='ltr'><strong>cst,</strong></span> <span class='ocrx_word' id='word_1_19' title='bbox 1217 154 1344 189; x_wconf 81' lang='lat' dir='ltr'><strong>occupari</strong></span> <span class='ocrx_word' id='word_1_20' title='bbox 1362 162 1376 180; x_wconf 85' lang='lat' dir='ltr'><strong>a</strong></span> <span class='ocrx_word' id='word_1_21' title='bbox 1393 153 1492 189; x_wconf 77' lang='lat' dir='ltr'><strong>frigore</strong></span> <span class='ocrx_word' id='word_1_22' title='bbox 1521 151 1674 180; x_wconf 80' lang='lat' dir='ltr'><strong>videamus,</strong></span> 
     </span>
    </p>
   </div>
   <div class='ocr_carea' id='block_1_5' title="bbox 49 212 849 1153">
    <p class='ocr_par' dir='ltr' id='par_1_5' title="bbox 49 212 849 1153">
     <span class='ocr_line' id='line_1_5' title="bbox 50 212 836 253; baseline -0.014 -5"><span class='ocrx_word' id='word_1_23' title='bbox 50 221 138 248; x_wconf 84' lang='grc' dir='ltr'>αἰτίαν</span> <span class='ocrx_word' id='word_1_24' title='bbox 147 219 359 253; x_wconf 82' lang='grc' dir='ltr'>κα-ενοὴσαμεν.</span> <span class='ocrx_word' id='word_1_25' title='bbox 376 213 413 243; x_wconf 70' lang='grc' dir='ltr'><strong>Οῧ</strong></span> <span class='ocrx_word' id='word_1_26' title='bbox 430 216 483 252; x_wconf 70' lang='grc' dir='ltr'><strong>γὰρ</strong></span> <span class='ocrx_word' id='word_1_27' title='bbox 500 214 697 244; x_wconf 71' lang='grc' dir='ltr'>ἐπιλελοιπότος</span> <span class='ocrx_word' id='word_1_28' title='bbox 716 212 836 248; x_wconf 57' lang='grc' dir='ltr'>ἡνεκρῐ-</span> 
     </span>
     <span class='ocr_line' id='line_1_6' title="bbox 49 258 833 303; baseline -0.013 -10"><span class='ocrx_word' id='word_1_29' title='bbox 49 276 100 303; x_wconf 77' lang='grc' dir='ltr'><strong>της</strong></span> <span class='ocrx_word' id='word_1_30' title='bbox 118 264 345 300; x_wconf 76' lang='grc' dir='ltr'>ἐπηκολούθησεν,</span> <span class='ocrx_word' id='word_1_31' title='bbox 361 263 466 298; x_wconf 74' lang='grc' dir='ltr'>ἀνάγκη</span> <span class='ocrx_word' id='word_1_32' title='bbox 485 263 558 288; x_wconf 72' lang='grc' dir='ltr'>πᾶσα</span> <span class='ocrx_word' id='word_1_33' title='bbox 572 262 603 295; x_wconf 82' lang='grc' dir='ltr'><strong>τῇ</strong></span> <span class='ocrx_word' id='word_1_34' title='bbox 624 259 759 294; x_wconf 73' lang='grc' dir='ltr'>παρουσία</span> <span class='ocrx_word' id='word_1_35' title='bbox 772 258 833 284; x_wconf 50' lang='grc' dir='ltr'>τού.-</span> 
     </span>
     <span class='ocr_line' id='line_1_7' title="bbox 51 306 837 344; baseline -0.011 -5"><span class='ocrx_word' id='word_1_36' title='bbox 51 322 97 340; x_wconf 88' lang='grc' dir='ltr'><strong>του</strong></span> <span class='ocrx_word' id='word_1_37' title='bbox 108 311 266 339; x_wconf 77' lang='grc' dir='ltr'>συνεστάναι</span> <span class='ocrx_word' id='word_1_38' title='bbox 282 310 310 336; x_wconf 77' lang='grc' dir='ltr'><strong>τὸ</strong></span> <span class='ocrx_word' id='word_1_39' title='bbox 320 310 385 342; x_wconf 75' lang='grc' dir='ltr'>ζῶον</span> <span class='ocrx_word' id='word_1_40' title='bbox 397 308 590 344; x_wconf 76' lang='grc' dir='ltr'>ὁμολογεῖσθαι.</span> <span class='ocrx_word' id='word_1_41' title='bbox 609 307 663 341; x_wconf 77' lang='grc' dir='ltr'>Τῆς</span> <span class='ocrx_word' id='word_1_42' title='bbox 672 307 699 332; x_wconf 78' lang='grc' dir='ltr'><strong>δὲ</strong></span> <span class='ocrx_word' id='word_1_43' title='bbox 710 306 837 338; x_wconf 86' lang='grc' dir='ltr'>τοιαύτης</span> 
     </span>
     <span class='ocr_line' id='line_1_8' title="bbox 52 351 837 392; baseline -0.011 -8"><span class='ocrx_word' id='word_1_44' title='bbox 52 359 189 392; x_wconf 81' lang='grc' dir='ltr'>δυνάμεως</span> <span class='ocrx_word' id='word_1_45' title='bbox 206 353 259 382; x_wconf 69' lang='grc' dir='ltr'>οἷον</span> <span class='ocrx_word' id='word_1_46' title='bbox 276 356 366 390; x_wconf 78' lang='grc' dir='ltr'>πηγήν</span> <span class='ocrx_word' id='word_1_47' title='bbox 392 363 452 381; x_wconf 84' lang='grc' dir='ltr'>τινα</span> <span class='ocrx_word' id='word_1_48' title='bbox 480 354 526 380; x_wconf 73' lang='grc' dir='ltr'><strong>καὶ</strong></span> <span class='ocrx_word' id='word_1_49' title='bbox 548 353 634 388; x_wconf 78' lang='grc' dir='ltr'>ἀρχὴν</span> <span class='ocrx_word' id='word_1_50' title='bbox 656 351 703 386; x_wconf 78' lang='grc' dir='ltr'><strong>τὴν</strong></span> <span class='ocrx_word' id='word_1_51' title='bbox 724 351 837 385; x_wconf 83' lang='grc' dir='ltr'>καρδίαν</span> 
     </span>
     <span class='ocr_line' id='line_1_9' title="bbox 53 396 839 436; baseline -0.011 -7"><span class='ocrx_word' id='word_1_52' title='bbox 53 403 266 436; x_wconf 68' lang='grc' dir='ltr'>κατενοήσαμεν,</span> <span class='ocrx_word' id='word_1_53' title='bbox 286 401 332 434; x_wconf 71' lang='grc' dir='ltr'><strong>ἀφ’</strong></span> <span class='ocrx_word' id='word_1_54' title='bbox 358 397 391 436; x_wconf 76' lang='grc' dir='ltr'>ἧς</span> <span class='ocrx_word' id='word_1_55' title='bbox 414 399 559 430; x_wconf 79' lang='grc' dir='ltr'>αύλοειδεῖς</span> <span class='ocrx_word' id='word_1_56' title='bbox 578 398 656 432; x_wconf 74' lang='grc' dir='ltr'>πόροι</span> <span class='ocrx_word' id='word_1_57' title='bbox 673 396 839 430; x_wconf 77' lang='grc' dir='ltr'>πολυσχιδῶς</span> 
     </span>
     <span class='ocr_line' id='line_1_10' title="bbox 54 441 840 480; baseline -0.01 -6"><span class='ocrx_word' id='word_1_58' title='bbox 54 448 132 479; x_wconf 78' lang='grc' dir='ltr'>ἄλλος</span> <span class='ocrx_word' id='word_1_59' title='bbox 161 447 189 478; x_wconf 80' lang='grc' dir='ltr'><strong>ἐξ</strong></span> <span class='ocrx_word' id='word_1_60' title='bbox 215 447 294 473; x_wconf 70' lang='grc' dir='ltr'>ἄλλον</span> <span class='ocrx_word' id='word_1_61' title='bbox 319 446 500 480; x_wconf 63' lang='grc' dir='ltr'>διαφυὸμενοι,</span> <span class='ocrx_word' id='word_1_62' title='bbox 526 444 607 470; x_wconf 71' lang='grc' dir='ltr'>παντὶ</span> <span class='ocrx_word' id='word_1_63' title='bbox 627 443 667 477; x_wconf 78' lang='grc' dir='ltr'><strong>τῷ</strong></span> <span class='ocrx_word' id='word_1_64' title='bbox 686 442 790 476; x_wconf 79' lang='grc' dir='ltr'>σώματι</span> <span class='ocrx_word' id='word_1_65' title='bbox 811 441 840 466; x_wconf 70' lang='grc' dir='ltr'><strong>τὸ</strong></span> 
     </span>
     <span class='ocr_line' id='line_1_11' title="bbox 54 486 841 526; baseline -0.006 -9"><span class='ocrx_word' id='word_1_66' title='bbox 54 491 178 526; x_wconf 80' lang='grc' dir='ltr'>πυρῶδες</span> <span class='ocrx_word' id='word_1_67' title='bbox 199 492 245 517; x_wconf 68' lang='grc' dir='ltr'><strong>καὶ</strong></span> <span class='ocrx_word' id='word_1_68' title='bbox 270 490 368 525; x_wconf 70' lang='grc' dir='ltr'>θερμὸν</span> <span class='ocrx_word' id='word_1_69' title='bbox 397 490 531 524; x_wconf 75' lang='grc' dir='ltr'>διαχέουσι</span> <span class='ocrx_word' id='word_1_70' title='bbox 562 487 681 522; x_wconf 78' lang='grc' dir='ltr'>πνεῦμα.</span> <span class='ocrx_word' id='word_1_71' title='bbox 713 487 789 513; x_wconf 71' lang='grc' dir='ltr'>Ἐπεὶ</span> <span class='ocrx_word' id='word_1_72' title='bbox 813 486 841 512; x_wconf 79' lang='grc' dir='ltr'><strong>δὲ</strong></span> 
     </span>
     <span class='ocr_line' id='line_1_12' title="bbox 55 532 842 569; baseline -0.009 -7"><span class='ocrx_word' id='word_1_73' title='bbox 55 536 162 566; x_wconf 75' lang='grc' dir='ltr'>πάντως</span> <span class='ocrx_word' id='word_1_74' title='bbox 178 535 224 561; x_wconf 73' lang='grc' dir='ltr'><strong>καὶ</strong></span> <span class='ocrx_word' id='word_1_75' title='bbox 235 534 336 569; x_wconf 69' lang='grc' dir='ltr'>τροφὴν</span> <span class='ocrx_word' id='word_1_76' title='bbox 351 534 402 559; x_wconf 77' lang='grc' dir='ltr'>ἔδει</span> <span class='ocrx_word' id='word_1_77' title='bbox 416 533 476 559; x_wconf 75' lang='grc' dir='ltr'>τινὰ</span> <span class='ocrx_word' id='word_1_78' title='bbox 495 533 533 567; x_wconf 79' lang='grc' dir='ltr'><strong>τῷ</strong></span> <span class='ocrx_word' id='word_1_79' title='bbox 547 532 640 567; x_wconf 79' lang='grc' dir='ltr'>θερμῷ</span> <span class='ocrx_word' id='word_1_80' title='bbox 660 532 842 566; x_wconf 65' lang='grc' dir='ltr'>συμπαρεῖναι</span> 
     </span>
     <span class='ocr_line' id='line_1_13' title="bbox 56 576 844 616; baseline -0.008 -9"><span class='ocrx_word' id='word_1_81' title='bbox 56 581 131 616; x_wconf 68' lang='grc' dir='ltr'>παρὰ</span> <span class='ocrx_word' id='word_1_82' title='bbox 148 581 197 614; x_wconf 69' lang='grc' dir='ltr'><strong>τῆς</strong></span> <span class='ocrx_word' id='word_1_83' title='bbox 217 580 340 614; x_wconf 76' lang='grc' dir='ltr'>φύσεως’</span> <span class='ocrx_word' id='word_1_84' title='bbox 357 580 387 605; x_wconf 76' lang='grc' dir='ltr'><strong>οὐ</strong></span> <span class='ocrx_word' id='word_1_85' title='bbox 400 579 453 614; x_wconf 67' lang='grc' dir='ltr'><strong>γὰρ</strong></span> <span class='ocrx_word' id='word_1_86' title='bbox 466 579 601 612; x_wconf 73' lang='grc' dir='ltr'>ἐνδέχεται</span> <span class='ocrx_word' id='word_1_87' title='bbox 621 578 649 603; x_wconf 78' lang='grc' dir='ltr'><strong>τὸ</strong></span> <span class='ocrx_word' id='word_1_88' title='bbox 661 577 716 611; x_wconf 80' lang='grc' dir='ltr'><strong>πῦρ</strong></span> <span class='ocrx_word' id='word_1_89' title='bbox 730 577 770 610; x_wconf 61' lang='grc' dir='ltr'><strong>ἐφ’</strong></span> <span class='ocrx_word' id='word_1_90' title='bbox 782 576 844 602; x_wconf 76' lang='grc' dir='ltr'>ἑαυ-</span> 
     </span>
     <span class='ocr_line' id='line_1_14' title="bbox 56 622 842 660; baseline -0.006 -9"><span class='ocrx_word' id='word_1_91' title='bbox 56 626 106 652; x_wconf 80' lang='grc' dir='ltr'><strong>τοῦ</strong></span> <span class='ocrx_word' id='word_1_92' title='bbox 134 625 234 660; x_wconf 84' lang='grc' dir='ltr'>μένειν,</span> <span class='ocrx_word' id='word_1_93' title='bbox 263 625 299 659; x_wconf 81' lang='grc' dir='ltr'><strong>μὴ</strong></span> <span class='ocrx_word' id='word_1_94' title='bbox 330 624 374 650; x_wconf 72' lang='grc' dir='ltr'><strong>διὰ</strong></span> <span class='ocrx_word' id='word_1_95' title='bbox 393 624 439 650; x_wconf 78' lang='grc' dir='ltr'><strong>τοῦ</strong></span> <span class='ocrx_word' id='word_1_96' title='bbox 466 623 632 657; x_wconf 74' lang='grc' dir='ltr'>καταλλήλοιι</span> <span class='ocrx_word' id='word_1_97' title='bbox 655 622 820 657; x_wconf 68' lang='grc' dir='ltr'>τρεφόμενον</span> <span class='ocrx_word' id='word_1_98' title='bbox 836 629 842 635; x_wconf 75' lang='grc'><strong>”</strong></span> 
     </span>
     <span class='ocr_line' id='line_1_15' title="bbox 57 667 845 704; baseline -0.006 -7"><span class='ocrx_word' id='word_1_99' title='bbox 57 670 101 697; x_wconf 74' lang='grc' dir='ltr'><strong>διὰ</strong></span> <span class='ocrx_word' id='word_1_100' title='bbox 116 671 193 696; x_wconf 74' lang='grc' dir='ltr'>τοῦτο</span> <span class='ocrx_word' id='word_1_101' title='bbox 209 671 232 696; x_wconf 83' lang='grc' dir='ltr'><strong>οἱ</strong></span> <span class='ocrx_word' id='word_1_102' title='bbox 250 669 295 696; x_wconf 76' lang='grc' dir='ltr'><strong>τοῦ</strong></span> <span class='ocrx_word' id='word_1_103' title='bbox 319 670 434 704; x_wconf 74' lang='grc' dir='ltr'>αἵματος</span> <span class='ocrx_word' id='word_1_104' title='bbox 450 669 549 703; x_wconf 69' lang='grc' dir='ltr'>ὀχετοὶ,</span> <span class='ocrx_word' id='word_1_105' title='bbox 565 668 689 703; x_wconf 75' lang='grc' dir='ltr'>καθάπερ</span> <span class='ocrx_word' id='word_1_106' title='bbox 702 668 733 693; x_wconf 83' lang='grc' dir='ltr'>ἑκ</span> <span class='ocrx_word' id='word_1_107' title='bbox 754 667 845 702; x_wconf 79' lang='grc' dir='ltr'>πηγῆς</span> 
     </span>
     <span class='ocr_line' id='line_1_16' title="bbox 57 713 845 750; baseline -0.006 -8"><span class='ocrx_word' id='word_1_108' title='bbox 57 725 129 747; x_wconf 85' lang='grc' dir='ltr'>τινος</span> <span class='ocrx_word' id='word_1_109' title='bbox 140 716 186 742; x_wconf 75' lang='grc' dir='ltr'><strong>τοῦ</strong></span> <span class='ocrx_word' id='word_1_110' title='bbox 201 716 304 750; x_wconf 73' lang='grc' dir='ltr'>ἥπατος</span> <span class='ocrx_word' id='word_1_111' title='bbox 328 714 531 749; x_wconf 73' lang='grc' dir='ltr'>ἀφορμηθέντες</span> <span class='ocrx_word' id='word_1_112' title='bbox 553 713 591 748; x_wconf 73' lang='grc' dir='ltr'><strong>τῷ</strong></span> <span class='ocrx_word' id='word_1_113' title='bbox 607 713 698 748; x_wconf 75' lang='grc' dir='ltr'>θερμῷ</span> <span class='ocrx_word' id='word_1_114' title='bbox 711 713 845 747; x_wconf 81' lang='grc' dir='ltr'>πνεύματι</span> 
     </span>
     <span class='ocr_line' id='line_1_17' title="bbox 59 758 847 796; baseline -0.006 -8"><span class='ocrx_word' id='word_1_115' title='bbox 59 761 181 796; x_wconf 82' lang='grc' dir='ltr'>πανταχῆ</span> <span class='ocrx_word' id='word_1_116' title='bbox 205 760 274 787; x_wconf 65' lang='grc' dir='ltr'>κατὰ</span> <span class='ocrx_word' id='word_1_117' title='bbox 285 761 314 786; x_wconf 81' lang='grc' dir='ltr'><strong>τὸ</strong></span> <span class='ocrx_word' id='word_1_118' title='bbox 333 760 410 794; x_wconf 82' lang='grc' dir='ltr'>σῶμα</span> <span class='ocrx_word' id='word_1_119' title='bbox 426 759 688 794; x_wconf 75' lang='grc' dir='ltr'>συμπαροδεύουσιν,</span> <span class='ocrx_word' id='word_1_120' title='bbox 704 759 740 790; x_wconf 86' lang='grc' dir='ltr'>ὡς</span> <span class='ocrx_word' id='word_1_121' title='bbox 760 758 792 784; x_wconf 75' lang='grc' dir='ltr'><strong>ἂν</strong></span> <span class='ocrx_word' id='word_1_122' title='bbox 811 758 847 793; x_wconf 83' lang='grc' dir='ltr'><strong>μὴ</strong></span> 
     </span>
     <span class='ocr_line' id='line_1_18' title="bbox 61 803 846 840; baseline -0.004 -9"><span class='ocrx_word' id='word_1_123' title='bbox 61 805 179 840; x_wconf 79' lang='grc' dir='ltr'>μονωθὲν</span> <span class='ocrx_word' id='word_1_124' title='bbox 195 804 240 830; x_wconf 77' lang='grc' dir='ltr'><strong>τοῦ</strong></span> <span class='ocrx_word' id='word_1_125' title='bbox 256 804 348 839; x_wconf 82' lang='grc' dir='ltr'>ἑτέρου</span> <span class='ocrx_word' id='word_1_126' title='bbox 366 804 395 830; x_wconf 72' lang='grc' dir='ltr'><strong>τὸ</strong></span> <span class='ocrx_word' id='word_1_127' title='bbox 411 804 514 838; x_wconf 66' lang='grc' dir='ltr'>ἕτερον,</span> <span class='ocrx_word' id='word_1_128' title='bbox 535 803 679 839; x_wconf 68' lang='grc' dir='ltr'>διαφθείρῃ</span> <span class='ocrx_word' id='word_1_129' title='bbox 690 803 738 838; x_wconf 74' lang='grc' dir='ltr'><strong>τὴν</strong></span> <span class='ocrx_word' id='word_1_130' title='bbox 754 803 846 837; x_wconf 79' lang='grc' dir='ltr'>φύσιν,</span> 
     </span>
     <span class='ocr_line' id='line_1_19' title="bbox 61 848 847 884; baseline -0.004 -8"><span class='ocrx_word' id='word_1_131' title='bbox 61 850 145 881; x_wconf 69' lang='grc' dir='ltr'>πάθος</span> <span class='ocrx_word' id='word_1_132' title='bbox 159 850 312 884; x_wconf 83' lang='grc' dir='ltr'>γενόμενον.</span> <span class='ocrx_word' id='word_1_133' title='bbox 331 849 483 875; x_wconf 83' lang='grc' dir='ltr'>Παιδευέτω</span> <span class='ocrx_word' id='word_1_134' title='bbox 495 848 572 875; x_wconf 74' lang='grc' dir='ltr'>τοῦτο</span> <span class='ocrx_word' id='word_1_135' title='bbox 587 849 649 879; x_wconf 69' lang='grc' dir='ltr'>τοὺς</span> <span class='ocrx_word' id='word_1_136' title='bbox 663 848 847 879; x_wconf 76' lang='grc' dir='ltr'>ἀτακτοῦντας</span> 
     </span>
     <span class='ocr_line' id='line_1_20' title="bbox 61 891 848 928; baseline 0 -10"><span class='ocrx_word' id='word_1_137' title='bbox 61 894 124 928; x_wconf 74' lang='grc' dir='ltr'>περὶ</span> <span class='ocrx_word' id='word_1_138' title='bbox 147 893 176 919; x_wconf 71' lang='grc' dir='ltr'><strong>τὸ</strong></span> <span class='ocrx_word' id='word_1_139' title='bbox 199 891 267 923; x_wconf 66' lang='grc' dir='ltr'>ἴσον,</span> <span class='ocrx_word' id='word_1_140' title='bbox 287 892 457 927; x_wconf 65' lang='grc' dir='ltr'>διδαχθέντας</span> <span class='ocrx_word' id='word_1_141' title='bbox 474 893 548 928; x_wconf 78' lang='grc' dir='ltr'>παρὰ</span> <span class='ocrx_word' id='word_1_142' title='bbox 573 893 622 928; x_wconf 73' lang='grc' dir='ltr'><strong>τῆς</strong></span> <span class='ocrx_word' id='word_1_143' title='bbox 643 893 759 927; x_wconf 74' lang='grc' dir='ltr'>φύσεως,</span> <span class='ocrx_word' id='word_1_144' title='bbox 780 893 848 927; x_wconf 82' lang='grc' dir='ltr'>ὅτιή</span> 
     </span>
     <span class='ocr_line' id='line_1_21' title="bbox 62 938 849 974; baseline 0.003 -11"><span class='ocrx_word' id='word_1_145' title='bbox 62 938 200 970; x_wconf 77' lang='grc' dir='ltr'>πλεονεξία</span> <span class='ocrx_word' id='word_1_146' title='bbox 226 938 384 972; x_wconf 75' lang='grc' dir='ltr'>φθοροποιὸν</span> <span class='ocrx_word' id='word_1_147' title='bbox 405 947 430 964; x_wconf 86' lang='grc' dir='ltr'><strong>τι</strong></span> <span class='ocrx_word' id='word_1_148' title='bbox 457 938 541 969; x_wconf 68' lang='grc' dir='ltr'>πάθος</span> <span class='ocrx_word' id='word_1_149' title='bbox 566 938 650 964; x_wconf 81' lang='grc' dir='ltr'>ἐστίν.</span> <span class='ocrx_word' id='word_1_150' title='bbox 671 939 739 964; x_wconf 79' lang='grc' dir='ltr'>Ἀλλ’</span> <span class='ocrx_word' id='word_1_151' title='bbox 756 939 849 974; x_wconf 76' lang='grc' dir='ltr'>ἐπειδὴ</span> 
     </span>
     <span class='ocr_line' id='line_1_22' title="bbox 65 983 848 1019; baseline 0 -9"><span class='ocrx_word' id='word_1_152' title='bbox 65 985 142 1019; x_wconf 81' lang='grc' dir='ltr'>μόνον</span> <span class='ocrx_word' id='word_1_153' title='bbox 159 984 305 1019; x_wconf 80' lang='grc' dir='ltr'>ἀπροσδεές</span> <span class='ocrx_word' id='word_1_154' title='bbox 322 985 378 1010; x_wconf 79' lang='grc' dir='ltr'>ἐστι</span> <span class='ocrx_word' id='word_1_155' title='bbox 394 984 422 1010; x_wconf 78' lang='grc' dir='ltr'><strong>τὸ</strong></span> <span class='ocrx_word' id='word_1_156' title='bbox 433 983 524 1016; x_wconf 81' lang='grc' dir='ltr'>Θεῖον,</span> <span class='ocrx_word' id='word_1_157' title='bbox 536 985 552 1019; x_wconf 80' lang='grc' dir='ltr'><strong>ἡ</strong></span> <span class='ocrx_word' id='word_1_158' title='bbox 566 985 593 1010; x_wconf 76' lang='grc' dir='ltr'><strong>δὲ</strong></span> <span class='ocrx_word' id='word_1_159' title='bbox 603 984 758 1019; x_wconf 81' lang='grc' dir='ltr'>ἀνθρωπίνη</span> <span class='ocrx_word' id='word_1_160' title='bbox 776 994 848 1011; x_wconf 88' lang='grc' dir='ltr'>πτω-</span> 
     </span>
     <span class='ocr_line' id='line_1_23' title="bbox 62 1030 835 1065; baseline 0.001 -9"><span class='ocrx_word' id='word_1_161' title='bbox 62 1031 122 1064; x_wconf 86' lang='grc' dir='ltr'>χεία</span> <span class='ocrx_word' id='word_1_162' title='bbox 138 1030 190 1055; x_wconf 84' lang='grc' dir='ltr'><strong>τῶν</strong></span> <span class='ocrx_word' id='word_1_163' title='bbox 205 1030 303 1062; x_wconf 74' lang='grc' dir='ltr'>ἔξωθεν</span> <span class='ocrx_word' id='word_1_164' title='bbox 315 1031 382 1065; x_wconf 77' lang='grc' dir='ltr'>πρὸς</span> <span class='ocrx_word' id='word_1_165' title='bbox 404 1030 452 1065; x_wconf 76' lang='grc' dir='ltr'><strong>τὴν</strong></span> <span class='ocrx_word' id='word_1_166' title='bbox 471 1030 539 1056; x_wconf 82' lang='grc' dir='ltr'>ἰδίαν</span> <span class='ocrx_word' id='word_1_167' title='bbox 556 1031 685 1057; x_wconf 85' lang='grc' dir='ltr'>σύστασιν</span> <span class='ocrx_word' id='word_1_168' title='bbox 701 1031 835 1057; x_wconf 53' lang='grc' dir='ltr'>ἐπιδᾹ-ται</span> 
     </span>
     <span class='ocr_line' id='line_1_24' title="bbox 62 1072 759 1108; baseline 0.001 -9"><span class='ocrx_word' id='word_1_169' title='bbox 62 1075 104 1100; x_wconf 61' lang='grc' dir='ltr'><strong>διὰ</strong></span> <span class='ocrx_word' id='word_1_170' title='bbox 120 1074 196 1100; x_wconf 76' lang='grc' dir='ltr'>τοῦτο</span> <span class='ocrx_word' id='word_1_171' title='bbox 211 1075 269 1105; x_wconf 87' lang='grc' dir='ltr'>ταῖς</span> <span class='ocrx_word' id='word_1_172' title='bbox 281 1074 355 1108; x_wconf 72' lang='grc' dir='ltr'>τρισὶ</span> <span class='ocrx_word' id='word_1_173' title='bbox 371 1073 482 1104; x_wconf 80' lang='grc' dir='ltr'>ταύταις</span> <span class='ocrx_word' id='word_1_174' title='bbox 497 1074 636 1107; x_wconf 69' lang='grc' dir='ltr'>δυνάμεσι,</span> <span class='ocrx_word' id='word_1_175' title='bbox 650 1075 681 1100; x_wconf 74' lang='grc' dir='ltr'><strong>δι’</strong></span> <span class='ocrx_word' id='word_1_176' title='bbox 698 1072 734 1101; x_wconf 83' lang='grc' dir='ltr'><strong>ὧν</strong></span> <span class='ocrx_word' id='word_1_177' title='bbox 748 1075 759 1100; x_wconf 87' lang='grc' dir='ltr'>ἐ</span> 
     </span>
     <span class='ocr_line' id='line_1_25' title="bbox 63 1119 552 1153; baseline -0.002 -8"><span class='ocrx_word' id='word_1_178' title='bbox 63 1119 135 1146; x_wconf 81' lang='grc' dir='ltr'>ἅπαν</span> <span class='ocrx_word' id='word_1_179' title='bbox 164 1119 361 1153; x_wconf 79' lang='grc' dir='ltr'>οἰκονομεῖσθαι</span> <span class='ocrx_word' id='word_1_180' title='bbox 390 1119 419 1144; x_wconf 78' lang='grc' dir='ltr'><strong>τὸ</strong></span> <span class='ocrx_word' id='word_1_181' title='bbox 448 1119 528 1153; x_wconf 80' lang='grc' dir='ltr'>σῶμα</span> <span class='ocrx_word' id='word_1_182' title='bbox 546 1139 552 1149; x_wconf 84' lang='grc'>,</span> 
     </span>
    </p>
   </div>
   <div class='ocr_carea' id='block_1_6' title="bbox 759 1047 832 1103">
    <p class='ocr_par' dir='ltr' id='par_1_6' title="bbox 759 1047 832 1103">
     <span class='ocr_line' id='line_1_26' title="bbox 759 1047 832 1103; baseline 0 -21"><span class='ocrx_word' id='word_1_183' title='bbox 759 1047 832 1103; x_wconf 95' lang='lat' dir='ltr'><strong>  </strong></span> 
     </span>
    </p>
   </div>
   <div class='ocr_carea' id='block_1_7' title="bbox 64 1120 857 1472">
    <p class='ocr_par' dir='ltr' id='par_1_7' title="bbox 64 1120 857 1472">
     <span class='ocr_line' id='line_1_27' title="bbox 582 1120 852 1154; baseline 0.007 -10"><span class='ocrx_word' id='word_1_184' title='bbox 582 1120 728 1154; x_wconf 74' lang='grc' dir='ltr'>ἐπίρρυτον</span> <span class='ocrx_word' id='word_1_185' title='bbox 754 1120 852 1151; x_wconf 74' lang='grc' dir='ltr'>ὲςωθεν</span> 
     </span>
     <span class='ocr_line' id='line_1_28' title="bbox 64 1164 851 1200; baseline 0.001 -10"><span class='ocrx_word' id='word_1_186' title='bbox 64 1164 204 1198; x_wconf 70' lang='grc' dir='ltr'>ἐπεισάγει</span> <span class='ocrx_word' id='word_1_187' title='bbox 217 1164 265 1199; x_wconf 81' lang='grc' dir='ltr'><strong>τὴν</strong></span> <span class='ocrx_word' id='word_1_188' title='bbox 275 1164 351 1199; x_wconf 70' lang='grc' dir='ltr'>ι’ύλην,</span> <span class='ocrx_word' id='word_1_189' title='bbox 369 1164 504 1199; x_wconf 63' lang='grc' dir='ltr'>διαφόροις</span> <span class='ocrx_word' id='word_1_190' title='bbox 519 1165 630 1196; x_wconf 71' lang='grc' dir='ltr'>εἰσόδοις</span> <span class='ocrx_word' id='word_1_191' title='bbox 646 1166 675 1191; x_wconf 77' lang='grc' dir='ltr'><strong>τὸ</strong></span> <span class='ocrx_word' id='word_1_192' title='bbox 688 1166 851 1200; x_wconf 69' lang='grc' dir='ltr'>κατάλληλον</span> 
     </span>
     <span class='ocr_line' id='line_1_29' title="bbox 64 1209 851 1245; baseline 0.003 -10"><span class='ocrx_word' id='word_1_193' title='bbox 64 1211 159 1240; x_wconf 77' lang='grc' dir='ltr'>αὐταῖς</span> <span class='ocrx_word' id='word_1_194' title='bbox 176 1209 366 1241; x_wconf 80' lang='grc' dir='ltr'>εἰσοικίζουσα.</span> <span class='ocrx_word' id='word_1_195' title='bbox 386 1210 424 1244; x_wconf 85' lang='grc' dir='ltr'><strong>Τῇ</strong></span> <span class='ocrx_word' id='word_1_196' title='bbox 443 1210 491 1244; x_wconf 78' lang='grc' dir='ltr'><strong>μὲν</strong></span> <span class='ocrx_word' id='word_1_197' title='bbox 511 1210 564 1245; x_wconf 75' lang='grc' dir='ltr'><strong>γὰρ</strong></span> <span class='ocrx_word' id='word_1_198' title='bbox 579 1211 653 1245; x_wconf 78' lang='grc' dir='ltr'>πηγῇ</span> <span class='ocrx_word' id='word_1_199' title='bbox 665 1210 709 1236; x_wconf 76' lang='grc' dir='ltr'><strong>τοῦ</strong></span> <span class='ocrx_word' id='word_1_200' title='bbox 727 1211 851 1245; x_wconf 72' lang='grc' dir='ltr'>αἵματος,</span> 
     </span>
     <span class='ocr_line' id='line_1_30' title="bbox 64 1254 853 1292; baseline 0.001 -11"><span class='ocrx_word' id='word_1_201' title='bbox 64 1256 82 1289; x_wconf 72' lang='grc' dir='ltr'><strong>ἢ</strong></span> <span class='ocrx_word' id='word_1_202' title='bbox 98 1265 138 1287; x_wconf 87' lang='grc' dir='ltr'><strong>τις</strong></span> <span class='ocrx_word' id='word_1_203' title='bbox 161 1256 191 1281; x_wconf 80' lang='grc' dir='ltr'><strong>τὸ</strong></span> <span class='ocrx_word' id='word_1_204' title='bbox 212 1254 288 1291; x_wconf 79' lang='grc' dir='ltr'>ἧπάρ</span> <span class='ocrx_word' id='word_1_205' title='bbox 299 1256 365 1287; x_wconf 81' lang='grc' dir='ltr'>ἐστι,</span> <span class='ocrx_word' id='word_1_206' title='bbox 382 1255 431 1290; x_wconf 75' lang='grc' dir='ltr'><strong>τὴν</strong></span> <span class='ocrx_word' id='word_1_207' title='bbox 450 1256 493 1281; x_wconf 73' lang='grc' dir='ltr'><strong>διὰ</strong></span> <span class='ocrx_word' id='word_1_208' title='bbox 518 1257 566 1290; x_wconf 78' lang='grc' dir='ltr'><strong>τῆς</strong></span> <span class='ocrx_word' id='word_1_209' title='bbox 593 1257 696 1290; x_wconf 67' lang='grc' dir='ltr'>τροφῆς</span> <span class='ocrx_word' id='word_1_210' title='bbox 722 1257 853 1292; x_wconf 73' lang='grc' dir='ltr'>χορηγίαν</span> 
     </span>
     <span class='ocr_line' id='line_1_31' title="bbox 66 1300 854 1336; baseline 0.001 -10"><span class='ocrx_word' id='word_1_211' title='bbox 66 1300 194 1335; x_wconf 75' lang='grc' dir='ltr'>ὑπέθηκε.</span> <span class='ocrx_word' id='word_1_212' title='bbox 205 1301 240 1326; x_wconf 86' lang='grc' dir='ltr'><strong>Τὸ</strong></span> <span class='ocrx_word' id='word_1_213' title='bbox 248 1301 300 1335; x_wconf 78' lang='grc' dir='ltr'><strong>γὰρ</strong></span> <span class='ocrx_word' id='word_1_214' title='bbox 310 1301 519 1335; x_wconf 75' lang='grc' dir='ltr'>ὲπεισαγόμενον</span> <span class='ocrx_word' id='word_1_215' title='bbox 532 1301 623 1327; x_wconf 70' lang='grc' dir='ltr'>αεὶδιὰ</span> <span class='ocrx_word' id='word_1_216' title='bbox 634 1302 742 1336; x_wconf 38' lang='grc' dir='ltr'>ταύτης-ς</span> <span class='ocrx_word' id='word_1_217' title='bbox 751 1302 800 1332; x_wconf 67' lang='grc' dir='ltr'><strong>τὰς</strong></span> <span class='ocrx_word' id='word_1_218' title='bbox 809 1301 854 1327; x_wconf 72' lang='grc' dir='ltr'><strong>τοῦ</strong></span> 
     </span>
     <span class='ocr_line' id='line_1_32' title="bbox 66 1346 854 1382; baseline 0.001 -10"><span class='ocrx_word' id='word_1_219' title='bbox 66 1346 181 1381; x_wconf 79' lang='grc' dir='ltr'>αἵματος</span> <span class='ocrx_word' id='word_1_220' title='bbox 192 1346 282 1381; x_wconf 74' lang='grc' dir='ltr'>πηγὰς</span> <span class='ocrx_word' id='word_1_221' title='bbox 293 1346 383 1381; x_wconf 78' lang='grc' dir='ltr'>βρύειν</span> <span class='ocrx_word' id='word_1_222' title='bbox 397 1346 439 1372; x_wconf 70' lang='grc' dir='ltr'><strong>διὰ</strong></span> <span class='ocrx_word' id='word_1_223' title='bbox 448 1346 494 1372; x_wconf 82' lang='grc' dir='ltr'><strong>τοῦ</strong></span> <span class='ocrx_word' id='word_1_224' title='bbox 516 1347 620 1381; x_wconf 71' lang='grc' dir='ltr'>ἥπατος</span> <span class='ocrx_word' id='word_1_225' title='bbox 640 1348 854 1382; x_wconf 76' lang='grc' dir='ltr'>παρασκευάζει,</span> 
     </span>
     <span class='ocr_line' id='line_1_33' title="bbox 68 1391 855 1427; baseline 0.001 -10"><span class='ocrx_word' id='word_1_226' title='bbox 68 1391 192 1427; x_wconf 83' lang='grc' dir='ltr'>καθάπερ</span> <span class='ocrx_word' id='word_1_227' title='bbox 209 1392 224 1426; x_wconf 86' lang='grc' dir='ltr'>ἡ</span> <span class='ocrx_word' id='word_1_228' title='bbox 248 1392 293 1417; x_wconf 71' lang='grc' dir='ltr'>ἐπὶ</span> <span class='ocrx_word' id='word_1_229' title='bbox 307 1392 352 1418; x_wconf 74' lang='grc' dir='ltr'><strong>τοῦ</strong></span> <span class='ocrx_word' id='word_1_230' title='bbox 366 1392 444 1427; x_wconf 74' lang='grc' dir='ltr'>ὅρους</span> <span class='ocrx_word' id='word_1_231' title='bbox 461 1391 525 1427; x_wconf 78' lang='grc' dir='ltr'>χιὼν</span> <span class='ocrx_word' id='word_1_232' title='bbox 538 1392 580 1418; x_wconf 70' lang='grc' dir='ltr'><strong>διὰ</strong></span> <span class='ocrx_word' id='word_1_233' title='bbox 595 1393 644 1426; x_wconf 76' lang='grc' dir='ltr'><strong>τῆς</strong></span> <span class='ocrx_word' id='word_1_234' title='bbox 655 1393 754 1424; x_wconf 80' lang='grc' dir='ltr'>οἰκείας</span> <span class='ocrx_word' id='word_1_235' title='bbox 772 1393 855 1427; x_wconf 73' lang='grc' dir='ltr'>ἰκμα-</span> 
     </span>
     <span class='ocr_line' id='line_1_34' title="bbox 68 1437 857 1472; baseline 0.001 -9"><span class='ocrx_word' id='word_1_236' title='bbox 68 1437 111 1468; x_wconf 82' lang='grc' dir='ltr'><strong>δος</strong></span> <span class='ocrx_word' id='word_1_237' title='bbox 121 1437 170 1468; x_wconf 76' lang='grc' dir='ltr'><strong>τὰς</strong></span> <span class='ocrx_word' id='word_1_238' title='bbox 178 1438 247 1463; x_wconf 72' lang='grc' dir='ltr'>κατὰ</span> <span class='ocrx_word' id='word_1_239' title='bbox 256 1437 302 1472; x_wconf 80' lang='grc' dir='ltr'><strong>τὴν</strong></span> <span class='ocrx_word' id='word_1_240' title='bbox 312 1437 447 1472; x_wconf 73' lang='grc' dir='ltr'>ὑπώρειαν</span> <span class='ocrx_word' id='word_1_241' title='bbox 456 1437 531 1468; x_wconf 68' lang='grc' dir='ltr'>αὔξει</span> <span class='ocrx_word' id='word_1_242' title='bbox 540 1438 639 1472; x_wconf 80' lang='grc' dir='ltr'>πηγὰς,</span> <span class='ocrx_word' id='word_1_243' title='bbox 652 1438 696 1463; x_wconf 82' lang='grc' dir='ltr'><strong>διὰ</strong></span> <span class='ocrx_word' id='word_1_244' title='bbox 703 1438 749 1464; x_wconf 67' lang='grc' dir='ltr'><strong>τοῦ</strong></span> <span class='ocrx_word' id='word_1_245' title='bbox 759 1438 857 1472; x_wconf 78' lang='grc' dir='ltr'>βάθους</span> 
     </span>
    </p>
   </div>
   <div class='ocr_carea' id='block_1_8' title="bbox 69 1482 891 1528">
    <p class='ocr_par' dir='ltr' id='par_1_8' title="bbox 69 1482 891 1528">
     <span class='ocr_line' id='line_1_35' title="bbox 69 1482 891 1528; baseline 0.002 -20"><span class='ocrx_word' id='word_1_246' title='bbox 69 1483 98 1518; x_wconf 71' lang='grc' dir='ltr'><strong>τὸ</strong></span> <span class='ocrx_word' id='word_1_247' title='bbox 114 1483 212 1509; x_wconf 80' lang='grc' dir='ltr'>οἰκεῖον</span> <span class='ocrx_word' id='word_1_248' title='bbox 237 1483 318 1517; x_wconf 69' lang='grc' dir='ltr'>ὑγρὸν</span> <span class='ocrx_word' id='word_1_249' title='bbox 338 1483 384 1508; x_wconf 76' lang='grc' dir='ltr'>ἐπὶ</span> <span class='ocrx_word' id='word_1_250' title='bbox 403 1483 451 1514; x_wconf 74' lang='grc' dir='ltr'><strong>τὰς</strong></span> <span class='ocrx_word' id='word_1_251' title='bbox 465 1483 539 1509; x_wconf 78' lang='grc' dir='ltr'>κάτω</span> <span class='ocrx_word' id='word_1_252' title='bbox 551 1482 651 1516; x_wconf 78' lang='grc' dir='ltr'>φλέὂας</span> <span class='ocrx_word' id='word_1_253' title='bbox 670 1483 855 1510; x_wconf 76' lang='grc' dir='ltr'>συνθλίὸουσα.</span> <span class='ocrx_word' id='word_1_254' title='bbox 871 1499 891 1528; x_wconf 81' lang='lat' dir='ltr'>C</span> 
     </span>
    </p>
   </div>
   <div class='ocr_carea' id='block_1_9' title="bbox 65 1525 864 2154">
    <p class='ocr_par' dir='ltr' id='par_1_9' title="bbox 65 1525 864 2154">
     <span class='ocr_line' id='line_1_36' title="bbox 100 1525 857 1562; baseline -0.005 -10"><span class='ocrx_word' id='word_1_255' title='bbox 100 1527 136 1552; x_wconf 73' lang='grc' dir='ltr'><strong>Τὸ</strong></span> <span class='ocrx_word' id='word_1_256' title='bbox 160 1527 187 1552; x_wconf 81' lang='grc' dir='ltr'><strong>δὲ</strong></span> <span class='ocrx_word' id='word_1_257' title='bbox 205 1527 347 1562; x_wconf 76' lang='grc' dir='ltr'>ἐγκάρδιον</span> <span class='ocrx_word' id='word_1_258' title='bbox 371 1525 478 1561; x_wconf 73' lang='grc' dir='ltr'>πνεῦμα</span> <span class='ocrx_word' id='word_1_259' title='bbox 507 1526 551 1552; x_wconf 74' lang='grc' dir='ltr'><strong>διὰ</strong></span> <span class='ocrx_word' id='word_1_260' title='bbox 573 1527 619 1553; x_wconf 80' lang='grc' dir='ltr'><strong>τοῦ</strong></span> <span class='ocrx_word' id='word_1_261' title='bbox 631 1526 751 1560; x_wconf 79' lang='grc' dir='ltr'>γείτονος</span> <span class='ocrx_word' id='word_1_262' title='bbox 762 1526 857 1552; x_wconf 82' lang='grc' dir='ltr'>ἐπεισ-</span> 
     </span>
     <span class='ocr_line' id='line_1_37' title="bbox 69 1571 856 1607; baseline -0.001 -8"><span class='ocrx_word' id='word_1_263' title='bbox 69 1575 164 1606; x_wconf 75' lang='grc' dir='ltr'>άγεται</span> <span class='ocrx_word' id='word_1_264' title='bbox 201 1573 354 1607; x_wconf 77' lang='grc' dir='ltr'>σπλάγχνου</span> <span class='ocrx_word' id='word_1_265' title='bbox 387 1591 393 1603; x_wconf 87' lang='grc'><strong>,</strong></span> <span class='ocrx_word' id='word_1_266' title='bbox 423 1571 436 1596; x_wconf 89' lang='grc' dir='ltr'><strong>ὃ</strong></span> <span class='ocrx_word' id='word_1_267' title='bbox 472 1571 594 1597; x_wconf 81' lang='grc' dir='ltr'>καλεῖται</span> <span class='ocrx_word' id='word_1_268' title='bbox 627 1571 675 1606; x_wconf 82' lang='grc' dir='ltr'><strong>μἐν</strong></span> <span class='ocrx_word' id='word_1_269' title='bbox 718 1572 856 1607; x_wconf 80' lang='grc' dir='ltr'>πνεύμων,</span> 
     </span>
     <span class='ocr_line' id='line_1_38' title="bbox 70 1615 857 1652; baseline 0.001 -11"><span class='ocrx_word' id='word_1_270' title='bbox 70 1616 128 1641; x_wconf 76' lang='grc' dir='ltr'>ἐστὶ</span> <span class='ocrx_word' id='word_1_271' title='bbox 159 1616 186 1641; x_wconf 73' lang='grc' dir='ltr'><strong>δὲ</strong></span> <span class='ocrx_word' id='word_1_272' title='bbox 215 1616 261 1641; x_wconf 79' lang='grc' dir='ltr'><strong>τοῦ</strong></span> <span class='ocrx_word' id='word_1_273' title='bbox 293 1616 372 1652; x_wconf 85' lang='grc' dir='ltr'>ἀέρος</span> <span class='ocrx_word' id='word_1_274' title='bbox 399 1615 512 1650; x_wconf 80' lang='grc' dir='ltr'>δοχεῖον,</span> <span class='ocrx_word' id='word_1_275' title='bbox 542 1615 586 1642; x_wconf 79' lang='grc' dir='ltr'><strong>διὰ</strong></span> <span class='ocrx_word' id='word_1_276' title='bbox 622 1616 672 1650; x_wconf 83' lang='grc' dir='ltr'><strong>τῆς</strong></span> <span class='ocrx_word' id='word_1_277' title='bbox 697 1617 857 1652; x_wconf 75' lang='grc' dir='ltr'>ἐγκειμένης</span> 
     </span>
     <span class='ocr_line' id='line_1_39' title="bbox 72 1661 858 1697; baseline 0.001 -10"><span class='ocrx_word' id='word_1_278' title='bbox 72 1662 203 1696; x_wconf 83' lang='grc' dir='ltr'>ἀρτηρίας</span> <span class='ocrx_word' id='word_1_279' title='bbox 230 1662 280 1696; x_wconf 83' lang='grc' dir='ltr'><strong>τῆς</strong></span> <span class='ocrx_word' id='word_1_280' title='bbox 309 1662 355 1687; x_wconf 77' lang='grc' dir='ltr'>ἐπὶ</span> <span class='ocrx_word' id='word_1_281' title='bbox 378 1661 407 1687; x_wconf 71' lang='grc' dir='ltr'><strong>τὸ</strong></span> <span class='ocrx_word' id='word_1_282' title='bbox 433 1661 519 1697; x_wconf 77' lang='grc' dir='ltr'>στόμα</span> <span class='ocrx_word' id='word_1_283' title='bbox 536 1661 691 1697; x_wconf 80' lang='grc' dir='ltr'>διηκούσης,</span> <span class='ocrx_word' id='word_1_284' title='bbox 711 1663 742 1688; x_wconf 81' lang='grc' dir='ltr'><strong>τὸ</strong></span> <span class='ocrx_word' id='word_1_285' title='bbox 761 1662 858 1694; x_wconf 73' lang='grc' dir='ltr'>ἔξωθεν</span> 
     </span>
     <span class='ocr_line' id='line_1_40' title="bbox 73 1706 859 1743; baseline 0.001 -10"><span class='ocrx_word' id='word_1_286' title='bbox 73 1707 182 1743; x_wconf 79' lang='grc' dir='ltr'>πνεῦμα</span> <span class='ocrx_word' id='word_1_287' title='bbox 200 1709 259 1739; x_wconf 84' lang='grc' dir='ltr'>ταῖς</span> <span class='ocrx_word' id='word_1_288' title='bbox 288 1708 436 1739; x_wconf 82' lang='grc' dir='ltr'>ἀναπνοαῖς</span> <span class='ocrx_word' id='word_1_289' title='bbox 466 1708 653 1743; x_wconf 79' lang='grc' dir='ltr'>ἐφελκόμενον.</span> <span class='ocrx_word' id='word_1_290' title='bbox 676 1706 711 1742; x_wconf 76' lang='grc' dir='ltr'><strong>’ᾫ</strong></span> <span class='ocrx_word' id='word_1_291' title='bbox 735 1709 804 1734; x_wconf 73' lang='grc' dir='ltr'>κατὰ</span> <span class='ocrx_word' id='word_1_292' title='bbox 831 1708 859 1734; x_wconf 82' lang='grc' dir='ltr'><strong>τὸ</strong></span> 
     </span>
     <span class='ocr_line' id='line_1_41' title="bbox 75 1753 858 1789; baseline 0 -10"><span class='ocrx_word' id='word_1_293' title='bbox 75 1753 157 1788; x_wconf 86' lang='grc' dir='ltr'>μέσον</span> <span class='ocrx_word' id='word_1_294' title='bbox 173 1755 188 1788; x_wconf 87' lang='grc' dir='ltr'><strong>ὴ</strong></span> <span class='ocrx_word' id='word_1_295' title='bbox 203 1754 300 1789; x_wconf 78' lang='grc' dir='ltr'>καρδία</span> <span class='ocrx_word' id='word_1_296' title='bbox 317 1754 508 1789; x_wconf 80' lang='grc' dir='ltr'>ἐνειλημμένη,</span> <span class='ocrx_word' id='word_1_297' title='bbox 530 1754 600 1780; x_wconf 77' lang='grc' dir='ltr'>κατὰ</span> <span class='ocrx_word' id='word_1_298' title='bbox 618 1753 733 1788; x_wconf 82' lang='grc' dir='ltr'>μίμησιν</span> <span class='ocrx_word' id='word_1_299' title='bbox 750 1754 797 1788; x_wconf 79' lang='grc' dir='ltr'><strong>τῆς</strong></span> <span class='ocrx_word' id='word_1_300' title='bbox 812 1753 858 1779; x_wconf 78' lang='grc' dir='ltr'><strong>τοῦ</strong></span> 
     </span>
     <span class='ocr_line' id='line_1_42' title="bbox 65 1800 860 1847; baseline 0.001 -23"><span class='ocrx_word' id='word_1_301' title='bbox 65 1800 227 1847; x_wconf 36' lang='grc' dir='ltr'>-ἀειικινήτου</span> <span class='ocrx_word' id='word_1_302' title='bbox 253 1800 337 1833; x_wconf 76' lang='grc' dir='ltr'>πυρὸς</span> <span class='ocrx_word' id='word_1_303' title='bbox 361 1800 508 1836; x_wconf 73' lang='grc' dir='ltr'>ἐνεργείας,</span> <span class='ocrx_word' id='word_1_304' title='bbox 530 1800 707 1830; x_wconf 79' lang='grc' dir='ltr'>ἀδιαλείπτως</span> <span class='ocrx_word' id='word_1_305' title='bbox 723 1801 767 1826; x_wconf 79' lang='grc' dir='ltr'><strong>καὶ</strong></span> <span class='ocrx_word' id='word_1_306' title='bbox 791 1800 860 1835; x_wconf 72' lang='grc' dir='ltr'>αὐτὴ</span> 
     </span>
     <span class='ocr_line' id='line_1_43' title="bbox 76 1843 859 1880; baseline 0 -9"><span class='ocrx_word' id='word_1_307' title='bbox 76 1845 230 1880; x_wconf 79' lang='grc' dir='ltr'>κινουμένη,</span> <span class='ocrx_word' id='word_1_308' title='bbox 239 1843 293 1872; x_wconf 73' lang='grc' dir='ltr'>οἷον</span> <span class='ocrx_word' id='word_1_309' title='bbox 304 1855 328 1872; x_wconf 88' lang='grc' dir='ltr'><strong>τι</strong></span> <span class='ocrx_word' id='word_1_310' title='bbox 340 1846 460 1872; x_wconf 82' lang='grc' dir='ltr'>ποιοῦσιν</span> <span class='ocrx_word' id='word_1_311' title='bbox 469 1847 496 1872; x_wconf 81' lang='grc' dir='ltr'><strong>ὲν</strong></span> <span class='ocrx_word' id='word_1_312' title='bbox 510 1847 565 1877; x_wconf 84' lang='grc' dir='ltr'>τοῖς</span> <span class='ocrx_word' id='word_1_313' title='bbox 576 1846 712 1880; x_wconf 81' lang='grc' dir='ltr'>χαλκείοις</span> <span class='ocrx_word' id='word_1_314' title='bbox 724 1847 750 1872; x_wconf 79' lang='grc' dir='ltr'><strong>αἱ</strong></span> <span class='ocrx_word' id='word_1_315' title='bbox 766 1845 859 1880; x_wconf 70' lang='grc' dir='ltr'>φῦσαι,</span> 
     </span>
     <span class='ocr_line' id='line_1_44' title="bbox 75 1891 861 1927; baseline -0.001 -10"><span class='ocrx_word' id='word_1_316' title='bbox 75 1891 147 1917; x_wconf 75' lang='grc' dir='ltr'><strong>Ιε’λκει</strong></span> <span class='ocrx_word' id='word_1_317' title='bbox 166 1901 194 1917; x_wconf 88' lang='grc' dir='ltr'><strong>τε</strong></span> <span class='ocrx_word' id='word_1_318' title='bbox 215 1892 281 1927; x_wconf 71' lang='grc' dir='ltr'>πρὸς</span> <span class='ocrx_word' id='word_1_319' title='bbox 296 1893 392 1926; x_wconf 72' lang='grc' dir='ltr'>ἑαυτὴν</span> <span class='ocrx_word' id='word_1_320' title='bbox 411 1893 441 1918; x_wconf 83' lang='grc' dir='ltr'>ἐκ</span> <span class='ocrx_word' id='word_1_321' title='bbox 457 1891 502 1917; x_wconf 82' lang='grc' dir='ltr'><strong>τοῦ</strong></span> <span class='ocrx_word' id='word_1_322' title='bbox 519 1891 721 1926; x_wconf 79' lang='grc' dir='ltr'>παρακειμένου</span> <span class='ocrx_word' id='word_1_323' title='bbox 741 1892 861 1926; x_wconf 83' lang='grc' dir='ltr'>πνεύμο-</span> 
     </span>
     <span class='ocr_line' id='line_1_45' title="bbox 76 1938 862 1973; baseline 0 -10"><span class='ocrx_word' id='word_1_324' title='bbox 76 1946 120 1968; x_wconf 86' lang='grc' dir='ltr'><strong>νος</strong></span> <span class='ocrx_word' id='word_1_325' title='bbox 137 1938 277 1972; x_wconf 77' lang='grc' dir='ltr'>πληροῦσα</span> <span class='ocrx_word' id='word_1_326' title='bbox 297 1939 329 1973; x_wconf 80' lang='grc' dir='ltr'><strong>τῇ</strong></span> <span class='ocrx_word' id='word_1_327' title='bbox 360 1939 483 1973; x_wconf 75' lang='grc' dir='ltr'>διαστολῇ</span> <span class='ocrx_word' id='word_1_328' title='bbox 509 1938 558 1969; x_wconf 77' lang='grc' dir='ltr'><strong>τὰς</strong></span> <span class='ocrx_word' id='word_1_329' title='bbox 583 1938 751 1972; x_wconf 79' lang='grc' dir='ltr'>κοιλότητας,</span> <span class='ocrx_word' id='word_1_330' title='bbox 776 1938 862 1964; x_wconf 74' lang='grc' dir='ltr'>καὶτὸ</span> 
     </span>
     <span class='ocr_line' id='line_1_46' title="bbox 77 1983 864 2019; baseline 0.001 -11"><span class='ocrx_word' id='word_1_331' title='bbox 77 1983 199 2018; x_wconf 78' lang='grc' dir='ltr'>πυρῶδες</span> <span class='ocrx_word' id='word_1_332' title='bbox 214 1984 312 2018; x_wconf 80' lang='grc' dir='ltr'>ἑαυτῆς</span> <span class='ocrx_word' id='word_1_333' title='bbox 322 1984 509 2019; x_wconf 70' lang='grc' dir='ltr'>ἐκριπίζουσα,</span> <span class='ocrx_word' id='word_1_334' title='bbox 529 1985 589 2014; x_wconf 80' lang='grc' dir='ltr'>ταῖς</span> <span class='ocrx_word' id='word_1_335' title='bbox 611 1984 754 2018; x_wconf 80' lang='grc' dir='ltr'>ἐχομέναις</span> <span class='ocrx_word' id='word_1_336' title='bbox 784 1984 864 2019; x_wconf 86' lang='grc' dir='ltr'>ἀρτη-</span> 
     </span>
     <span class='ocr_line' id='line_1_47' title="bbox 79 2029 864 2063; baseline 0 -9"><span class='ocrx_word' id='word_1_337' title='bbox 79 2029 150 2063; x_wconf 80' lang='grc' dir='ltr'>ρίαις</span> <span class='ocrx_word' id='word_1_338' title='bbox 175 2030 281 2063; x_wconf 80' lang='grc' dir='ltr'>ἐμπνεῖ.</span> <span class='ocrx_word' id='word_1_339' title='bbox 305 2029 360 2055; x_wconf 66' lang='grc' dir='ltr'><strong>Καὶ</strong></span> <span class='ocrx_word' id='word_1_340' title='bbox 378 2029 456 2055; x_wconf 72' lang='grc' dir='ltr'>τοῦτο</span> <span class='ocrx_word' id='word_1_341' title='bbox 486 2029 599 2055; x_wconf 79' lang='grc' dir='ltr'>ποιοῦσα</span> <span class='ocrx_word' id='word_1_342' title='bbox 624 2029 653 2054; x_wconf 76' lang='grc' dir='ltr'><strong>οὐ</strong></span> <span class='ocrx_word' id='word_1_343' title='bbox 671 2029 813 2060; x_wconf 79' lang='grc' dir='ltr'>διαλείπει,</span> <span class='ocrx_word' id='word_1_344' title='bbox 834 2029 864 2054; x_wconf 81' lang='grc' dir='ltr'><strong>τὸ</strong></span> 
     </span>
     <span class='ocr_line' id='line_1_48' title="bbox 80 2074 864 2109; baseline 0 -10"><span class='ocrx_word' id='word_1_345' title='bbox 80 2074 129 2108; x_wconf 81' lang='grc' dir='ltr'><strong>μὲν</strong></span> <span class='ocrx_word' id='word_1_346' title='bbox 142 2074 238 2106; x_wconf 75' lang='grc' dir='ltr'>ἔξωθεν</span> <span class='ocrx_word' id='word_1_347' title='bbox 249 2075 291 2101; x_wconf 77' lang='grc' dir='ltr'><strong>διὰ</strong></span> <span class='ocrx_word' id='word_1_348' title='bbox 312 2075 360 2109; x_wconf 73' lang='grc' dir='ltr'><strong>τῆς</strong></span> <span class='ocrx_word' id='word_1_349' title='bbox 378 2075 520 2108; x_wconf 76' lang='grc' dir='ltr'>διαστολῆς</span> <span class='ocrx_word' id='word_1_350' title='bbox 537 2075 576 2105; x_wconf 85' lang='grc' dir='ltr'><strong>είς</strong></span> <span class='ocrx_word' id='word_1_351' title='bbox 591 2074 638 2106; x_wconf 86' lang='grc' dir='ltr'><strong>τὰς</strong></span> <span class='ocrx_word' id='word_1_352' title='bbox 656 2074 722 2105; x_wconf 83' lang='grc' dir='ltr'>ἰδίας</span> <span class='ocrx_word' id='word_1_353' title='bbox 740 2074 864 2109; x_wconf 81' lang='grc' dir='ltr'>κοιλότη-</span> 
     </span>
     <span class='ocr_line' id='line_1_49' title="bbox 78 2120 864 2154; baseline 0.001 -9"><span class='ocrx_word' id='word_1_354' title='bbox 78 2128 127 2150; x_wconf 84' lang='grc' dir='ltr'><strong>τας</strong></span> <span class='ocrx_word' id='word_1_355' title='bbox 140 2120 265 2152; x_wconf 69' lang='grc' dir='ltr'>ἕλκουσα,</span> <span class='ocrx_word' id='word_1_356' title='bbox 283 2120 312 2146; x_wconf 78' lang='grc' dir='ltr'><strong>τὸ</strong></span> <span class='ocrx_word' id='word_1_357' title='bbox 329 2120 355 2145; x_wconf 76' lang='grc' dir='ltr'><strong>δὲ</strong></span> <span class='ocrx_word' id='word_1_358' title='bbox 369 2120 432 2154; x_wconf 76' lang='grc' dir='ltr'>παρ’</span> <span class='ocrx_word' id='word_1_359' title='bbox 446 2120 544 2154; x_wconf 77' lang='grc' dir='ltr'>ἑαυτῆς</span> <span class='ocrx_word' id='word_1_360' title='bbox 560 2120 604 2146; x_wconf 81' lang='grc' dir='ltr'><strong>διὰ</strong></span> <span class='ocrx_word' id='word_1_361' title='bbox 616 2120 665 2154; x_wconf 79' lang='grc' dir='ltr'><strong>τῆς</strong></span> <span class='ocrx_word' id='word_1_362' title='bbox 679 2120 864 2154; x_wconf 82' lang='grc' dir='ltr'>συμπτώσεως</span> 
     </span>
    </p>
   </div>
   <div class='ocr_carea' id='block_1_10' title="bbox 889 195 1688 825">
    <p class='ocr_par' dir='ltr' id='par_1_10' title="bbox 889 195 1688 825">
     <span class='ocr_line' id='line_1_50' title="bbox 889 195 1676 235; baseline -0.018 0"><span class='ocrx_word' id='word_1_363' title='bbox 889 208 989 235; x_wconf 88' lang='lat' dir='ltr'><strong>idcirco</strong></span> <span class='ocrx_word' id='word_1_364' title='bbox 1001 206 1080 233; x_wconf 90' lang='lat' dir='ltr'><strong>ctiam</strong></span> <span class='ocrx_word' id='word_1_365' title='bbox 1109 203 1136 230; x_wconf 93' lang='lat' dir='ltr'><strong>in</strong></span> <span class='ocrx_word' id='word_1_366' title='bbox 1151 203 1242 230; x_wconf 83' lang='lat' dir='ltr'><strong>calore</strong></span> <span class='ocrx_word' id='word_1_367' title='bbox 1262 208 1372 227; x_wconf 85' lang='lat' dir='ltr'><strong>causam</strong></span> <span class='ocrx_word' id='word_1_368' title='bbox 1389 198 1534 234; x_wconf 90' lang='lat' dir='ltr'><strong>quamdam</strong></span> <span class='ocrx_word' id='word_1_369' title='bbox 1568 195 1676 223; x_wconf 74' lang='lat' dir='ltr'><strong>vivendi</strong></span> 
     </span>
     <span class='ocr_line' id='line_1_51' title="bbox 889 242 1677 287; baseline -0.016 -9"><span class='ocrx_word' id='word_1_370' title='bbox 889 251 1025 287; x_wconf 88' lang='lat' dir='ltr'><strong>ponimus.</strong></span> <span class='ocrx_word' id='word_1_371' title='bbox 1041 248 1099 281; x_wconf 83' lang='lat' dir='ltr'><strong>Quo</strong></span> <span class='ocrx_word' id='word_1_372' title='bbox 1119 247 1190 274; x_wconf 92' lang='lat' dir='ltr'><strong>cnim</strong></span> <span class='ocrx_word' id='word_1_373' title='bbox 1204 246 1305 272; x_wconf 84' lang='lat' dir='ltr'><strong>amisso</strong></span> <span class='ocrx_word' id='word_1_374' title='bbox 1317 244 1472 271; x_wconf 76' lang='lat' dir='ltr'>mortalitas</span> <span class='ocrx_word' id='word_1_375' title='bbox 1488 242 1677 275; x_wconf 76' lang='lat' dir='ltr'>consequitur,</span> 
     </span>
     <span class='ocr_line' id='line_1_52' title="bbox 889 287 1679 331; baseline -0.018 -7"><span class='ocrx_word' id='word_1_376' title='bbox 889 298 915 325; x_wconf 89' lang='lat' dir='ltr'><strong>id</strong></span> <span class='ocrx_word' id='word_1_377' title='bbox 931 295 1050 331; x_wconf 85' lang='lat' dir='ltr'><strong>quandiu</strong></span> <span class='ocrx_word' id='word_1_378' title='bbox 1064 294 1142 321; x_wconf 86' lang='lat' dir='ltr'><strong>nobis</strong></span> <span class='ocrx_word' id='word_1_379' title='bbox 1161 293 1295 326; x_wconf 78' lang='lat' dir='ltr'><strong>integrum</strong></span> <span class='ocrx_word' id='word_1_380' title='bbox 1310 294 1362 322; x_wconf 89' lang='lat' dir='ltr'><strong>cst,</strong></span> <span class='ocrx_word' id='word_1_381' title='bbox 1381 289 1448 316; x_wconf 81' lang='lat' dir='ltr'><strong>niliil</strong></span> <span class='ocrx_word' id='word_1_382' title='bbox 1460 287 1584 314; x_wconf 86' lang='lat' dir='ltr'><strong>accidere</strong></span> <span class='ocrx_word' id='word_1_383' title='bbox 1599 293 1679 320; x_wconf 80' lang='lat' dir='ltr'><strong>posse</strong></span> 
     </span>
     <span class='ocr_line' id='line_1_53' title="bbox 889 331 1679 371; baseline -0.019 0"><span class='ocrx_word' id='word_1_384' title='bbox 889 344 950 371; x_wconf 72' lang='lat' dir='ltr'><strong>vine</strong></span> <span class='ocrx_word' id='word_1_385' title='bbox 963 340 1129 371; x_wconf 78' lang='lat' dir='ltr'><strong>detrimenti,</strong></span> <span class='ocrx_word' id='word_1_386' title='bbox 1147 337 1302 365; x_wconf 85' lang='lat' dir='ltr'><strong>necessario</strong></span> <span class='ocrx_word' id='word_1_387' title='bbox 1320 335 1469 370; x_wconf 78' lang='lat' dir='ltr'><strong>colligitur.</strong></span> <span class='ocrx_word' id='word_1_388' title='bbox 1484 332 1573 366; x_wconf 86' lang='lat' dir='ltr'><strong>liujus</strong></span> <span class='ocrx_word' id='word_1_389' title='bbox 1590 331 1679 357; x_wconf 82' lang='lat' dir='ltr'><strong>sacul-</strong></span> 
     </span>
     <span class='ocr_line' id='line_1_54' title="bbox 891 377 1680 420; baseline -0.019 -4"><span class='ocrx_word' id='word_1_390' title='bbox 891 389 956 417; x_wconf 90' lang='lat' dir='ltr'><strong>tatis</strong></span> <span class='ocrx_word' id='word_1_391' title='bbox 977 395 1024 414; x_wconf 86' lang='lat' dir='ltr'><strong>cor</strong></span> <span class='ocrx_word' id='word_1_392' title='bbox 1055 390 1096 413; x_wconf 86' lang='lat' dir='ltr'><strong>est</strong></span> <span class='ocrx_word' id='word_1_393' title='bbox 1109 384 1188 420; x_wconf 89' lang='lat' dir='ltr'><strong>quasi</strong></span> <span class='ocrx_word' id='word_1_394' title='bbox 1214 382 1324 418; x_wconf 89' lang='lat' dir='ltr'><strong>quidam</strong></span> <span class='ocrx_word' id='word_1_395' title='bbox 1349 380 1410 408; x_wconf 84' lang='lat' dir='ltr'><strong>sons</strong></span> <span class='ocrx_word' id='word_1_396' title='bbox 1430 383 1456 406; x_wconf 91' lang='lat' dir='ltr'><strong>ct</strong></span> <span class='ocrx_word' id='word_1_397' title='bbox 1474 377 1649 413; x_wconf 87' lang='lat' dir='ltr'><strong>principium,</strong></span> <span class='ocrx_word' id='word_1_398' title='bbox 1666 384 1680 402; x_wconf 85' lang='lat' dir='ltr'><strong>a</strong></span> 
     </span>
     <span class='ocr_line' id='line_1_55' title="bbox 891 421 1680 469; baseline -0.019 -8"><span class='ocrx_word' id='word_1_399' title='bbox 891 441 945 469; x_wconf 90' lang='lat' dir='ltr'><strong>quo</strong></span> <span class='ocrx_word' id='word_1_400' title='bbox 958 438 1062 460; x_wconf 86' lang='lat' dir='ltr'><strong>meatus</strong></span> <span class='ocrx_word' id='word_1_401' title='bbox 1074 431 1124 457; x_wconf 86' lang='lat' dir='ltr'><strong>orti</strong></span> <span class='ocrx_word' id='word_1_402' title='bbox 1140 428 1295 456; x_wconf 81' lang='lat' dir='ltr'><strong>consimiles</strong></span> <span class='ocrx_word' id='word_1_403' title='bbox 1311 426 1397 458; x_wconf 88' lang='lat' dir='ltr'><strong>tibiis,</strong></span> <span class='ocrx_word' id='word_1_404' title='bbox 1414 422 1600 457; x_wconf 83' lang='lat' dir='ltr'><strong>multiplieiter</strong></span> <span class='ocrx_word' id='word_1_405' title='bbox 1617 421 1680 447; x_wconf 71' lang='lat' dir='ltr'><strong>aliis</strong></span> 
     </span>
     <span class='ocr_line' id='line_1_56' title="bbox 893 467 1682 512; baseline -0.016 -6"><span class='ocrx_word' id='word_1_406' title='bbox 893 479 961 506; x_wconf 90' lang='lat' dir='ltr'><strong>alios</strong></span> <span class='ocrx_word' id='word_1_407' title='bbox 977 476 1201 512; x_wconf 66' lang='lat' dir='ltr'><strong>propagantibus,</strong></span> <span class='ocrx_word' id='word_1_408' title='bbox 1219 481 1266 508; x_wconf 91' lang='lat' dir='ltr'><strong>per</strong></span> <span class='ocrx_word' id='word_1_409' title='bbox 1290 479 1390 506; x_wconf 88' lang='lat' dir='ltr'><strong>corpus</strong></span> <span class='ocrx_word' id='word_1_410' title='bbox 1404 470 1562 496; x_wconf 86' lang='lat' dir='ltr'><strong>universum</strong></span> <span class='ocrx_word' id='word_1_411' title='bbox 1588 467 1682 501; x_wconf 82' lang='lat' dir='ltr'><strong>igneos</strong></span> 
     </span>
     <span class='ocr_line' id='line_1_57' title="bbox 893 512 1683 558; baseline -0.018 -7"><span class='ocrx_word' id='word_1_412' title='bbox 893 524 1050 558; x_wconf 80' lang='lat' dir='ltr'><strong>calidusque</strong></span> <span class='ocrx_word' id='word_1_413' title='bbox 1061 522 1173 556; x_wconf 86' lang='lat' dir='ltr'><strong>spiritus</strong></span> <span class='ocrx_word' id='word_1_414' title='bbox 1185 519 1348 546; x_wconf 78' lang='lat' dir='ltr'><strong>diffundunt.</strong></span> <span class='ocrx_word' id='word_1_415' title='bbox 1362 516 1485 550; x_wconf 85' lang='lat' dir='ltr'><strong>Cumque</strong></span> <span class='ocrx_word' id='word_1_416' title='bbox 1498 512 1683 541; x_wconf 85' lang='lat' dir='ltr'><strong>necessarium</strong></span> 
     </span>
     <span class='ocr_line' id='line_1_58' title="bbox 895 560 1685 604; baseline -0.019 -6"><span class='ocrx_word' id='word_1_417' title='bbox 895 571 963 598; x_wconf 75' lang='lat' dir='ltr'><strong>soret</strong></span> <span class='ocrx_word' id='word_1_418' title='bbox 976 574 1005 596; x_wconf 92' lang='lat' dir='ltr'><strong>ut</strong></span> <span class='ocrx_word' id='word_1_419' title='bbox 1019 573 1179 604; x_wconf 79' lang='lat' dir='ltr'><strong>perpetuum</strong></span> <span class='ocrx_word' id='word_1_420' title='bbox 1192 565 1277 593; x_wconf 84' lang='lat' dir='ltr'><strong>calori</strong></span> <span class='ocrx_word' id='word_1_421' title='bbox 1291 564 1448 591; x_wconf 87' lang='lat' dir='ltr'><strong>alimentum</strong></span> <span class='ocrx_word' id='word_1_422' title='bbox 1462 560 1657 595; x_wconf 79' lang='lat' dir='ltr'><strong>adjungeretur</strong></span> <span class='ocrx_word' id='word_1_423' title='bbox 1671 565 1685 582; x_wconf 86' lang='lat' dir='ltr'><strong>a</strong></span> 
     </span>
     <span class='ocr_line' id='line_1_59' title="bbox 895 605 1686 649; baseline -0.019 -6"><span class='ocrx_word' id='word_1_424' title='bbox 895 621 1002 648; x_wconf 82' lang='lat' dir='ltr'><strong>natura,</strong></span> <span class='ocrx_word' id='word_1_425' title='bbox 1019 613 1129 649; x_wconf 85' lang='lat' dir='ltr'><strong>quando</strong></span> <span class='ocrx_word' id='word_1_426' title='bbox 1144 612 1213 647; x_wconf 81' lang='lat' dir='ltr'><strong>ignis</strong></span> <span class='ocrx_word' id='word_1_427' title='bbox 1225 618 1272 645; x_wconf 86' lang='lat' dir='ltr'><strong>per</strong></span> <span class='ocrx_word' id='word_1_428' title='bbox 1290 617 1318 636; x_wconf 86' lang='lat' dir='ltr'><strong>se</strong></span> <span class='ocrx_word' id='word_1_429' title='bbox 1329 609 1428 635; x_wconf 83' lang='lat' dir='ltr'><strong>durare</strong></span> <span class='ocrx_word' id='word_1_430' title='bbox 1445 605 1550 641; x_wconf 90' lang='lat' dir='ltr'><strong>nequit,</strong></span> <span class='ocrx_word' id='word_1_431' title='bbox 1568 605 1590 630; x_wconf 87' lang='lat' dir='ltr'><strong>si</strong></span> <span class='ocrx_word' id='word_1_432' title='bbox 1608 611 1621 629; x_wconf 93' lang='lat' dir='ltr'><strong>a</strong></span> <span class='ocrx_word' id='word_1_433' title='bbox 1635 611 1686 629; x_wconf 94' lang='lat' dir='ltr'><strong>nu-</strong></span> 
     </span>
     <span class='ocr_line' id='line_1_60' title="bbox 895 651 1687 689; baseline -0.019 0"><span class='ocrx_word' id='word_1_434' title='bbox 895 663 1022 689; x_wconf 87' lang='lat' dir='ltr'><strong>trimento</strong></span> <span class='ocrx_word' id='word_1_435' title='bbox 1037 660 1088 687; x_wconf 86' lang='lat' dir='ltr'><strong>sibi</strong></span> <span class='ocrx_word' id='word_1_436' title='bbox 1101 658 1280 686; x_wconf 84' lang='lat' dir='ltr'><strong>conveniente</strong></span> <span class='ocrx_word' id='word_1_437' title='bbox 1301 655 1477 685; x_wconf 72' lang='lat' dir='ltr'><strong>destituatur,</strong></span> <span class='ocrx_word' id='word_1_438' title='bbox 1502 651 1605 679; x_wconf 87' lang='lat' dir='ltr'><strong>idcirco</strong></span> <span class='ocrx_word' id='word_1_439' title='bbox 1624 657 1687 676; x_wconf 90' lang='lat' dir='ltr'><strong>san-</strong></span> 
     </span>
     <span class='ocr_line' id='line_1_61' title="bbox 896 693 1685 741; baseline -0.018 -8"><span class='ocrx_word' id='word_1_440' title='bbox 896 707 985 741; x_wconf 80' lang='lat' dir='ltr'><strong>guinis</strong></span> <span class='ocrx_word' id='word_1_441' title='bbox 997 705 1047 732; x_wconf 90' lang='lat' dir='ltr'><strong>rivi</strong></span> <span class='ocrx_word' id='word_1_442' title='bbox 1063 703 1095 731; x_wconf 88' lang='lat' dir='ltr'><strong>de</strong></span> <span class='ocrx_word' id='word_1_443' title='bbox 1108 703 1229 738; x_wconf 75' lang='lat' dir='ltr'><strong>Jecinore</strong></span> <span class='ocrx_word' id='word_1_444' title='bbox 1239 700 1317 736; x_wconf 81' lang='lat' dir='ltr'><strong>quasi</strong></span> <span class='ocrx_word' id='word_1_445' title='bbox 1331 698 1405 726; x_wconf 78' lang='lat' dir='ltr'><strong>sonte</strong></span> <span class='ocrx_word' id='word_1_446' title='bbox 1424 696 1542 732; x_wconf 91' lang='lat' dir='ltr'><strong>quodam</strong></span> <span class='ocrx_word' id='word_1_447' title='bbox 1558 693 1685 730; x_wconf 78' lang='lat' dir='ltr'><strong>profecti.</strong></span> 
     </span>
     <span class='ocr_line' id='line_1_62' title="bbox 898 739 1688 786; baseline -0.019 -6"><span class='ocrx_word' id='word_1_448' title='bbox 898 757 954 780; x_wconf 89' lang='lat' dir='ltr'><strong>toto</strong></span> <span class='ocrx_word' id='word_1_449' title='bbox 977 758 1090 786; x_wconf 87' lang='lat' dir='ltr'><strong>corpore</strong></span> <span class='ocrx_word' id='word_1_450' title='bbox 1113 749 1201 776; x_wconf 90' lang='lat' dir='ltr'><strong>calido</strong></span> <span class='ocrx_word' id='word_1_451' title='bbox 1232 746 1342 782; x_wconf 88' lang='lat' dir='ltr'><strong>spiritui</strong></span> <span class='ocrx_word' id='word_1_452' title='bbox 1367 744 1481 772; x_wconf 87' lang='lat' dir='ltr'><strong>comites</strong></span> <span class='ocrx_word' id='word_1_453' title='bbox 1513 745 1588 772; x_wconf 87' lang='lat' dir='ltr'><strong>sunt,</strong></span> <span class='ocrx_word' id='word_1_454' title='bbox 1605 748 1638 767; x_wconf 88' lang='lat' dir='ltr'><strong>nc</strong></span> <span class='ocrx_word' id='word_1_455' title='bbox 1665 739 1688 766; x_wconf 86' lang='lat' dir='ltr'><strong>si</strong></span> 
     </span>
     <span class='ocr_line' id='line_1_63' title="bbox 900 789 1688 825; baseline -0.018 0"><span class='ocrx_word' id='word_1_456' title='bbox 900 800 1013 825; x_wconf 75' lang='lat' dir='ltr'><strong>alter-mn</strong></span> <span class='ocrx_word' id='word_1_457' title='bbox 1028 797 1061 823; x_wconf 90' lang='lat' dir='ltr'><strong>ab</strong></span> <span class='ocrx_word' id='word_1_458' title='bbox 1075 797 1160 822; x_wconf 87' lang='lat' dir='ltr'><strong>altero</strong></span> <span class='ocrx_word' id='word_1_459' title='bbox 1175 795 1358 823; x_wconf 78' lang='lat' dir='ltr'><strong>desereretur,</strong></span> <span class='ocrx_word' id='word_1_460' title='bbox 1383 789 1479 816; x_wconf 87' lang='lat' dir='ltr'><strong>morbo</strong></span> <span class='ocrx_word' id='word_1_461' title='bbox 1494 790 1621 821; x_wconf 87' lang='lat' dir='ltr'><strong>correpta</strong></span> <span class='ocrx_word' id='word_1_462' title='bbox 1639 792 1688 812; x_wconf 82' lang='lat' dir='ltr'><strong>na-</strong></span> 
     </span>
    </p>
   </div>
   <div class='ocr_carea' id='block_1_11' title="bbox 864 834 1690 875">
    <p class='ocr_par' dir='ltr' id='par_1_11' title="bbox 864 834 1690 875">
     <span class='ocr_line' id='line_1_64' title="bbox 864 834 1690 875; baseline -0.018 -3"><span class='ocrx_word' id='word_1_463' title='bbox 864 835 885 864; x_wconf 75' lang='lat' dir='ltr'>B</span> <span class='ocrx_word' id='word_1_464' title='bbox 901 850 959 872; x_wconf 90' lang='lat' dir='ltr'><strong>tura</strong></span> <span class='ocrx_word' id='word_1_465' title='bbox 977 843 1112 870; x_wconf 85' lang='lat' dir='ltr'><strong>interiret.</strong></span> <span class='ocrx_word' id='word_1_466' title='bbox 1125 841 1162 868; x_wconf 86' lang='lat' dir='ltr'><strong>Dc</strong></span> <span class='ocrx_word' id='word_1_467' title='bbox 1178 848 1232 875; x_wconf 87' lang='lat' dir='ltr'><strong>quo</strong></span> <span class='ocrx_word' id='word_1_468' title='bbox 1248 839 1364 873; x_wconf 79' lang='lat' dir='ltr'><strong>injustos</strong></span> <span class='ocrx_word' id='word_1_469' title='bbox 1381 836 1506 862; x_wconf 84' lang='lat' dir='ltr'><strong>homines</strong></span> <span class='ocrx_word' id='word_1_470' title='bbox 1520 838 1547 861; x_wconf 88' lang='lat' dir='ltr'><strong>ct</strong></span> <span class='ocrx_word' id='word_1_471' title='bbox 1572 834 1690 867; x_wconf 81' lang='lat' dir='ltr'><strong>inaequa-</strong></span> 
     </span>
    </p>
   </div>
   <div class='ocr_carea' id='block_1_12' title="bbox 898 877 1703 2156">
    <p class='ocr_par' dir='ltr' id='par_1_12' title="bbox 898 877 1698 1598">
     <span class='ocr_line' id='line_1_65' title="bbox 898 877 1690 917; baseline -0.018 -1"><span class='ocrx_word' id='word_1_472' title='bbox 898 890 1000 916; x_wconf 88' lang='lat' dir='ltr'><strong>litatem</strong></span> <span class='ocrx_word' id='word_1_473' title='bbox 1042 886 1244 914; x_wconf 77' lang='lat' dir='ltr'><strong>committentes</strong></span> <span class='ocrx_word' id='word_1_474' title='bbox 1267 884 1318 910; x_wconf 81' lang='lat' dir='ltr'><strong>lioc</strong></span> <span class='ocrx_word' id='word_1_475' title='bbox 1355 889 1453 917; x_wconf 84' lang='lat' dir='ltr'><strong>capere</strong></span> <span class='ocrx_word' id='word_1_476' title='bbox 1494 877 1690 907; x_wconf 83' lang='lat' dir='ltr'><strong>admonitionis</strong></span> 
     </span>
     <span class='ocr_line' id='line_1_66' title="bbox 899 923 1690 970; baseline -0.018 -8"><span class='ocrx_word' id='word_1_477' title='bbox 899 938 1015 970; x_wconf 88' lang='lat' dir='ltr'><strong>oportet,</strong></span> <span class='ocrx_word' id='word_1_478' title='bbox 1037 937 1065 959; x_wconf 88' lang='lat' dir='ltr'><strong>ut</strong></span> <span class='ocrx_word' id='word_1_479' title='bbox 1090 940 1104 958; x_wconf 90' lang='lat' dir='ltr'><strong>a</strong></span> <span class='ocrx_word' id='word_1_480' title='bbox 1131 935 1226 958; x_wconf 89' lang='lat' dir='ltr'><strong>natura</strong></span> <span class='ocrx_word' id='word_1_481' title='bbox 1256 929 1363 955; x_wconf 73' lang='lat' dir='ltr'><strong>discant</strong></span> <span class='ocrx_word' id='word_1_482' title='bbox 1397 925 1539 953; x_wconf 76' lang='lat' dir='ltr'><strong>avaritiam</strong></span> <span class='ocrx_word' id='word_1_483' title='bbox 1565 923 1690 950; x_wconf 81' lang='lat' dir='ltr'><strong>morbum</strong></span> 
     </span>
     <span class='ocr_line' id='line_1_67' title="bbox 899 968 1690 1013; baseline -0.018 -6"><span class='ocrx_word' id='word_1_484' title='bbox 899 988 969 1011; x_wconf 86' lang='lat' dir='ltr'><strong>esse,</strong></span> <span class='ocrx_word' id='word_1_485' title='bbox 984 979 1029 1013; x_wconf 88' lang='lat' dir='ltr'><strong>qui</strong></span> <span class='ocrx_word' id='word_1_486' title='bbox 1047 978 1108 1004; x_wconf 89' lang='lat' dir='ltr'><strong>aliis</strong></span> <span class='ocrx_word' id='word_1_487' title='bbox 1123 976 1261 1003; x_wconf 86' lang='lat' dir='ltr'><strong>interitum</strong></span> <span class='ocrx_word' id='word_1_488' title='bbox 1274 973 1377 1000; x_wconf 79' lang='lat' dir='ltr'><strong>aflerat.</strong></span> <span class='ocrx_word' id='word_1_489' title='bbox 1396 972 1449 999; x_wconf 86' lang='lat' dir='ltr'><strong>Sed</strong></span> <span class='ocrx_word' id='word_1_490' title='bbox 1472 971 1544 997; x_wconf 90' lang='lat' dir='ltr'><strong>enim</strong></span> <span class='ocrx_word' id='word_1_491' title='bbox 1562 969 1619 996; x_wconf 88' lang='lat' dir='ltr'><strong>sola</strong></span> <span class='ocrx_word' id='word_1_492' title='bbox 1642 968 1690 994; x_wconf 86' lang='lat' dir='ltr'><strong>Dei</strong></span> 
     </span>
     <span class='ocr_line' id='line_1_68' title="bbox 901 1015 1691 1054; baseline -0.015 -2"><span class='ocrx_word' id='word_1_493' title='bbox 901 1030 996 1052; x_wconf 85' lang='lat' dir='ltr'><strong>natura</strong></span> <span class='ocrx_word' id='word_1_494' title='bbox 1019 1032 1080 1050; x_wconf 81' lang='lat' dir='ltr'><strong>cuin</strong></span> <span class='ocrx_word' id='word_1_495' title='bbox 1107 1022 1180 1048; x_wconf 88' lang='lat' dir='ltr'><strong>nulla</strong></span> <span class='ocrx_word' id='word_1_496' title='bbox 1195 1029 1222 1048; x_wconf 84' lang='lat' dir='ltr'><strong>re</strong></span> <span class='ocrx_word' id='word_1_497' title='bbox 1236 1020 1365 1054; x_wconf 71' lang='lat' dir='ltr'><strong>indigeat,</strong></span> <span class='ocrx_word' id='word_1_498' title='bbox 1383 1018 1520 1044; x_wconf 84' lang='lat' dir='ltr'><strong>hominum</strong></span> <span class='ocrx_word' id='word_1_499' title='bbox 1539 1015 1630 1050; x_wconf 89' lang='lat' dir='ltr'><strong>inopia</strong></span> <span class='ocrx_word' id='word_1_500' title='bbox 1649 1021 1691 1040; x_wconf 89' lang='lat' dir='ltr'><strong>res</strong></span> 
     </span>
     <span class='ocr_line' id='line_1_69' title="bbox 901 1060 1693 1098; baseline -0.015 0"><span class='ocrx_word' id='word_1_501' title='bbox 901 1077 1028 1098; x_wconf 79' lang='lat' dir='ltr'><strong>externas</strong></span> <span class='ocrx_word' id='word_1_502' title='bbox 1056 1069 1090 1095; x_wconf 91' lang='lat' dir='ltr'><strong>ad</strong></span> <span class='ocrx_word' id='word_1_503' title='bbox 1118 1076 1146 1095; x_wconf 84' lang='lat' dir='ltr'><strong>se</strong></span> <span class='ocrx_word' id='word_1_504' title='bbox 1168 1065 1376 1095; x_wconf 87' lang='lat' dir='ltr'><strong>sustentandum</strong></span> <span class='ocrx_word' id='word_1_505' title='bbox 1402 1062 1557 1090; x_wconf 84' lang='lat' dir='ltr'><strong>necessario</strong></span> <span class='ocrx_word' id='word_1_506' title='bbox 1586 1060 1693 1087; x_wconf 84' lang='lat' dir='ltr'><strong>deside-</strong></span> 
     </span>
     <span class='ocr_line' id='line_1_70' title="bbox 903 1106 1693 1143; baseline -0.015 0"><span class='ocrx_word' id='word_1_507' title='bbox 903 1121 980 1143; x_wconf 84' lang='lat' dir='ltr'><strong>rante</strong></span> <span class='ocrx_word' id='word_1_508' title='bbox 1003 1125 1009 1142; x_wconf 93' lang='lat'>:</span> <span class='ocrx_word' id='word_1_509' title='bbox 1029 1114 1131 1141; x_wconf 79' lang='lat' dir='ltr'><strong>idcireo</strong></span> <span class='ocrx_word' id='word_1_510' title='bbox 1148 1113 1236 1139; x_wconf 89' lang='lat' dir='ltr'><strong>tribus</strong></span> <span class='ocrx_word' id='word_1_511' title='bbox 1258 1111 1333 1137; x_wconf 88' lang='lat' dir='ltr'><strong>hisce</strong></span> <span class='ocrx_word' id='word_1_512' title='bbox 1357 1108 1534 1136; x_wconf 80' lang='lat' dir='ltr'><strong>facultatibus</strong></span> <span class='ocrx_word' id='word_1_513' title='bbox 1553 1107 1641 1133; x_wconf 89' lang='lat' dir='ltr'><strong>locum</strong></span> <span class='ocrx_word' id='word_1_514' title='bbox 1666 1106 1693 1131; x_wconf 92' lang='lat' dir='ltr'><strong>in</strong></span> 
     </span>
     <span class='ocr_line' id='line_1_71' title="bbox 903 1151 1695 1197; baseline -0.015 -8"><span class='ocrx_word' id='word_1_515' title='bbox 903 1161 1080 1197; x_wconf 77' lang='lat' dir='ltr'><strong>gubernando</strong></span> <span class='ocrx_word' id='word_1_516' title='bbox 1093 1167 1208 1194; x_wconf 88' lang='lat' dir='ltr'><strong>corpore</strong></span> <span class='ocrx_word' id='word_1_517' title='bbox 1226 1157 1376 1192; x_wconf 85' lang='lat' dir='ltr'><strong>principem</strong></span> <span class='ocrx_word' id='word_1_518' title='bbox 1386 1154 1581 1185; x_wconf 82' lang='lat' dir='ltr'><strong>obtinentibus,</strong></span> <span class='ocrx_word' id='word_1_519' title='bbox 1596 1151 1695 1179; x_wconf 84' lang='lat' dir='ltr'><strong>extrin-</strong></span> 
     </span>
     <span class='ocr_line' id='line_1_72' title="bbox 904 1198 1695 1236; baseline -0.015 -1"><span class='ocrx_word' id='word_1_520' title='bbox 904 1216 983 1236; x_wconf 84' lang='lat' dir='ltr'><strong>secus</strong></span> <span class='ocrx_word' id='word_1_521' title='bbox 1010 1206 1138 1233; x_wconf 83' lang='lat' dir='ltr'><strong>materies</strong></span> <span class='ocrx_word' id='word_1_522' title='bbox 1152 1202 1356 1231; x_wconf 81' lang='lat' dir='ltr'><strong>accommodata</strong></span> <span class='ocrx_word' id='word_1_523' title='bbox 1376 1201 1489 1235; x_wconf 79' lang='lat' dir='ltr'><strong>singulis</strong></span> <span class='ocrx_word' id='word_1_524' title='bbox 1513 1207 1561 1234; x_wconf 90' lang='lat' dir='ltr'><strong>per</strong></span> <span class='ocrx_word' id='word_1_525' title='bbox 1573 1198 1695 1224; x_wconf 77' lang='lat' dir='ltr'><strong>diversos</strong></span> 
     </span>
     <span class='ocr_line' id='line_1_73' title="bbox 905 1244 1695 1282; baseline -0.015 -1"><span class='ocrx_word' id='word_1_526' title='bbox 905 1255 994 1281; x_wconf 89' lang='lat' dir='ltr'><strong>aditus</strong></span> <span class='ocrx_word' id='word_1_527' title='bbox 1019 1252 1177 1280; x_wconf 72' lang='lat' dir='ltr'><strong>arcessitur.</strong></span> <span class='ocrx_word' id='word_1_528' title='bbox 1207 1250 1272 1276; x_wconf 84' lang='lat' dir='ltr'><strong>Nam</strong></span> <span class='ocrx_word' id='word_1_529' title='bbox 1300 1247 1428 1282; x_wconf 81' lang='lat' dir='ltr'><strong>jecinori,</strong></span> <span class='ocrx_word' id='word_1_530' title='bbox 1455 1246 1528 1281; x_wconf 88' lang='lat' dir='ltr'><strong>quod</strong></span> <span class='ocrx_word' id='word_1_531' title='bbox 1554 1244 1695 1279; x_wconf 77' lang='lat' dir='ltr'><strong>sanguinis</strong></span> 
     </span>
     <span class='ocr_line' id='line_1_74' title="bbox 906 1289 1696 1327; baseline -0.016 -1"><span class='ocrx_word' id='word_1_532' title='bbox 906 1308 967 1327; x_wconf 84' lang='lat' dir='ltr'><strong>esse</strong></span> <span class='ocrx_word' id='word_1_533' title='bbox 995 1299 1095 1325; x_wconf 84' lang='lat' dir='ltr'><strong>sontem</strong></span> <span class='ocrx_word' id='word_1_534' title='bbox 1117 1297 1249 1325; x_wconf 77' lang='lat' dir='ltr'><strong>diximus.</strong></span> <span class='ocrx_word' id='word_1_535' title='bbox 1265 1295 1385 1321; x_wconf 87' lang='lat' dir='ltr'><strong>alimenti</strong></span> <span class='ocrx_word' id='word_1_536' title='bbox 1401 1293 1443 1320; x_wconf 79' lang='lat' dir='ltr'><strong>est</strong></span> <span class='ocrx_word' id='word_1_537' title='bbox 1466 1291 1593 1318; x_wconf 87' lang='lat' dir='ltr'><strong>mandata</strong></span> <span class='ocrx_word' id='word_1_538' title='bbox 1611 1289 1696 1315; x_wconf 87' lang='lat' dir='ltr'><strong>admi-</strong></span> 
     </span>
     <span class='ocr_line' id='line_1_75' title="bbox 907 1338 1696 1376; baseline -0.014 -4"><span class='ocrx_word' id='word_1_539' title='bbox 907 1346 1046 1373; x_wconf 86' lang='lat' dir='ltr'><strong>nistrati0.</strong></span> <span class='ocrx_word' id='word_1_540' title='bbox 1065 1343 1143 1376; x_wconf 85' lang='lat' dir='ltr'><strong>Quod</strong></span> <span class='ocrx_word' id='word_1_541' title='bbox 1168 1343 1241 1369; x_wconf 87' lang='lat' dir='ltr'><strong>enim</strong></span> <span class='ocrx_word' id='word_1_542' title='bbox 1269 1339 1407 1368; x_wconf 88' lang='lat' dir='ltr'><strong>nutriendi</strong></span> <span class='ocrx_word' id='word_1_543' title='bbox 1430 1338 1517 1365; x_wconf 89' lang='lat' dir='ltr'><strong>nostri</strong></span> <span class='ocrx_word' id='word_1_544' title='bbox 1535 1343 1617 1364; x_wconf 86' lang='lat' dir='ltr'><strong>causa</strong></span> <span class='ocrx_word' id='word_1_545' title='bbox 1635 1343 1696 1369; x_wconf 89' lang='lat' dir='ltr'><strong>per-</strong></span> 
     </span>
     <span class='ocr_line' id='line_1_76' title="bbox 907 1383 1697 1425; baseline -0.013 -8"><span class='ocrx_word' id='word_1_546' title='bbox 907 1395 987 1425; x_wconf 87' lang='lat' dir='ltr'><strong>petuo</strong></span> <span class='ocrx_word' id='word_1_547' title='bbox 1005 1390 1147 1423; x_wconf 75' lang='lat' dir='ltr'><strong>ingeritur,</strong></span> <span class='ocrx_word' id='word_1_548' title='bbox 1163 1387 1295 1422; x_wconf 79' lang='lat' dir='ltr'><strong>jecinoris</strong></span> <span class='ocrx_word' id='word_1_549' title='bbox 1314 1386 1471 1419; x_wconf 86' lang='lat' dir='ltr'><strong>adjumento</strong></span> <span class='ocrx_word' id='word_1_550' title='bbox 1489 1383 1564 1416; x_wconf 80' lang='lat' dir='ltr'><strong>facit,</strong></span> <span class='ocrx_word' id='word_1_551' title='bbox 1583 1386 1612 1408; x_wconf 92' lang='lat' dir='ltr'><strong>ut</strong></span> <span class='ocrx_word' id='word_1_552' title='bbox 1631 1389 1697 1409; x_wconf 88' lang='lat' dir='ltr'><strong>con-</strong></span> 
     </span>
     <span class='ocr_line' id='line_1_77' title="bbox 908 1427 1696 1469; baseline -0.013 -7"><span class='ocrx_word' id='word_1_553' title='bbox 908 1437 984 1462; x_wconf 89' lang='lat' dir='ltr'><strong>tinuo</strong></span> <span class='ocrx_word' id='word_1_554' title='bbox 999 1435 1139 1469; x_wconf 79' lang='lat' dir='ltr'><strong>sanguinis</strong></span> <span class='ocrx_word' id='word_1_555' title='bbox 1164 1434 1214 1460; x_wconf 92' lang='lat' dir='ltr'><strong>rivi</strong></span> <span class='ocrx_word' id='word_1_556' title='bbox 1243 1433 1337 1459; x_wconf 89' lang='lat' dir='ltr'><strong>ssuant.</strong></span> <span class='ocrx_word' id='word_1_557' title='bbox 1355 1429 1590 1463; x_wconf 78' lang='lat' dir='ltr'><strong>Quemadmodum</strong></span> <span class='ocrx_word' id='word_1_558' title='bbox 1609 1427 1696 1454; x_wconf 84' lang='lat' dir='ltr'><strong>nivem</strong></span> 
     </span>
     <span class='ocr_line' id='line_1_78' title="bbox 909 1472 1697 1509; baseline -0.011 -2"><span class='ocrx_word' id='word_1_559' title='bbox 909 1485 1065 1509; x_wconf 83' lang='lat' dir='ltr'><strong>montanam</strong></span> <span class='ocrx_word' id='word_1_560' title='bbox 1097 1479 1219 1506; x_wconf 85' lang='lat' dir='ltr'><strong>videmus</strong></span> <span class='ocrx_word' id='word_1_561' title='bbox 1247 1478 1360 1504; x_wconf 81' lang='lat' dir='ltr'><strong>humore</strong></span> <span class='ocrx_word' id='word_1_562' title='bbox 1383 1484 1433 1504; x_wconf 91' lang='lat' dir='ltr'><strong>suo</strong></span> <span class='ocrx_word' id='word_1_563' title='bbox 1448 1475 1586 1509; x_wconf 84' lang='lat' dir='ltr'><strong>subjectos</strong></span> <span class='ocrx_word' id='word_1_564' title='bbox 1611 1472 1697 1499; x_wconf 77' lang='lat' dir='ltr'><strong>sontes</strong></span> 
     </span>
     <span class='ocr_line' id='line_1_79' title="bbox 908 1521 1698 1561; baseline -0.013 -7"><span class='ocrx_word' id='word_1_565' title='bbox 908 1535 1017 1561; x_wconf 84' lang='lat' dir='ltr'><strong>augere,</strong></span> <span class='ocrx_word' id='word_1_566' title='bbox 1044 1529 1203 1560; x_wconf 85' lang='lat' dir='ltr'><strong>penetrante</strong></span> <span class='ocrx_word' id='word_1_567' title='bbox 1224 1525 1269 1551; x_wconf 91' lang='lat' dir='ltr'><strong>illo</strong></span> <span class='ocrx_word' id='word_1_568' title='bbox 1295 1523 1423 1550; x_wconf 87' lang='lat' dir='ltr'><strong>deorsum</strong></span> <span class='ocrx_word' id='word_1_569' title='bbox 1450 1521 1482 1548; x_wconf 88' lang='lat' dir='ltr'><strong>ad</strong></span> <span class='ocrx_word' id='word_1_570' title='bbox 1514 1521 1587 1554; x_wconf 87' lang='lat' dir='ltr'><strong>ipsas</strong></span> <span class='ocrx_word' id='word_1_571' title='bbox 1613 1525 1698 1553; x_wconf 82' lang='lat' dir='ltr'><strong>usque</strong></span> 
     </span>
     <span class='ocr_line' id='line_1_80' title="bbox 909 1572 1135 1598; baseline -0.009 0"><span class='ocrx_word' id='word_1_572' title='bbox 909 1572 1026 1598; x_wconf 76' lang='lat' dir='ltr'><strong>sontium</strong></span> <span class='ocrx_word' id='word_1_573' title='bbox 1043 1578 1135 1597; x_wconf 84' lang='lat' dir='ltr'><strong>venas.</strong></span> 
     </span>
    </p>

    <p class='ocr_par' dir='ltr' id='par_1_13' title="bbox 909 1612 1703 2156">
     <span class='ocr_line' id='line_1_81' title="bbox 945 1612 1700 1645; baseline -0.011 -3"><span class='ocrx_word' id='word_1_574' title='bbox 945 1616 1045 1643; x_wconf 86' lang='lat' dir='ltr'><strong>Deinde</strong></span> <span class='ocrx_word' id='word_1_575' title='bbox 1060 1623 1106 1641; x_wconf 80' lang='lat' dir='ltr'><strong>aer</strong></span> <span class='ocrx_word' id='word_1_576' title='bbox 1123 1614 1203 1641; x_wconf 77' lang='lat' dir='ltr'><strong>etiam</strong></span> <span class='ocrx_word' id='word_1_577' title='bbox 1222 1613 1296 1640; x_wconf 79' lang='lat' dir='ltr'><strong>cordi</strong></span> <span class='ocrx_word' id='word_1_578' title='bbox 1312 1613 1392 1639; x_wconf 77' lang='lat' dir='ltr'><strong>vicini</strong></span> <span class='ocrx_word' id='word_1_579' title='bbox 1408 1612 1520 1639; x_wconf 77' lang='lat' dir='ltr'><strong>visceris</strong></span> <span class='ocrx_word' id='word_1_580' title='bbox 1537 1617 1587 1645; x_wconf 90' lang='lat' dir='ltr'><strong>ope</strong></span> <span class='ocrx_word' id='word_1_581' title='bbox 1603 1616 1700 1643; x_wconf 77' lang='lat' dir='ltr'><strong>sugge-</strong></span> 
     </span>
     <span class='ocr_line' id='line_1_82' title="bbox 909 1655 1700 1694; baseline -0.009 -5"><span class='ocrx_word' id='word_1_582' title='bbox 909 1663 991 1694; x_wconf 86' lang='lat' dir='ltr'><strong>ritur;</strong></span> <span class='ocrx_word' id='word_1_583' title='bbox 1008 1663 1032 1688; x_wconf 92' lang='lat' dir='ltr'><strong>ei</strong></span> <span class='ocrx_word' id='word_1_584' title='bbox 1049 1669 1148 1688; x_wconf 90' lang='lat' dir='ltr'><strong>nomen</strong></span> <span class='ocrx_word' id='word_1_585' title='bbox 1166 1663 1208 1688; x_wconf 84' lang='lat' dir='ltr'><strong>est</strong></span> <span class='ocrx_word' id='word_1_586' title='bbox 1221 1661 1312 1694; x_wconf 88' lang='lat' dir='ltr'><strong>pulmo</strong></span> <span class='ocrx_word' id='word_1_587' title='bbox 1330 1669 1335 1686; x_wconf 86' lang='lat'>:</span> <span class='ocrx_word' id='word_1_588' title='bbox 1362 1659 1513 1686; x_wconf 85' lang='lat' dir='ltr'><strong>membrum</strong></span> <span class='ocrx_word' id='word_1_589' title='bbox 1530 1658 1617 1691; x_wconf 86' lang='lat' dir='ltr'><strong>ipsum</strong></span> <span class='ocrx_word' id='word_1_590' title='bbox 1630 1655 1700 1682; x_wconf 86' lang='lat' dir='ltr'><strong>aeris</strong></span> 
     </span>
     <span class='ocr_line' id='line_1_83' title="bbox 909 1702 1698 1742; baseline -0.013 -6"><span class='ocrx_word' id='word_1_591' title='bbox 909 1713 952 1736; x_wconf 84' lang='lat' dir='ltr'><strong>cst</strong></span> <span class='ocrx_word' id='word_1_592' title='bbox 967 1708 1179 1742; x_wconf 74' lang='lat' dir='ltr'><strong>receptaculum,</strong></span> <span class='ocrx_word' id='word_1_593' title='bbox 1191 1707 1264 1741; x_wconf 86' lang='lat' dir='ltr'><strong>quod</strong></span> <span class='ocrx_word' id='word_1_594' title='bbox 1279 1714 1327 1741; x_wconf 85' lang='lat' dir='ltr'><strong>per</strong></span> <span class='ocrx_word' id='word_1_595' title='bbox 1343 1706 1472 1732; x_wconf 86' lang='lat' dir='ltr'><strong>insertam</strong></span> <span class='ocrx_word' id='word_1_596' title='bbox 1488 1704 1541 1731; x_wconf 86' lang='lat' dir='ltr'><strong>sibi</strong></span> <span class='ocrx_word' id='word_1_597' title='bbox 1560 1702 1698 1732; x_wconf 84' lang='lat' dir='ltr'><strong>arteriam,</strong></span> 
     </span>
     <span class='ocr_line' id='line_1_84' title="bbox 911 1745 1701 1788; baseline -0.011 -8"><span class='ocrx_word' id='word_1_598' title='bbox 911 1754 944 1780; x_wconf 90' lang='lat' dir='ltr'><strong>ad</strong></span> <span class='ocrx_word' id='word_1_599' title='bbox 962 1761 992 1780; x_wconf 89' lang='lat' dir='ltr'><strong>os</strong></span> <span class='ocrx_word' id='word_1_600' title='bbox 1013 1753 1202 1788; x_wconf 83' lang='lat' dir='ltr'><strong>pertinentem,</strong></span> <span class='ocrx_word' id='word_1_601' title='bbox 1232 1751 1357 1786; x_wconf 82' lang='lat' dir='ltr'><strong>spiritum</strong></span> <span class='ocrx_word' id='word_1_602' title='bbox 1385 1754 1527 1777; x_wconf 84' lang='lat' dir='ltr'><strong>externum</strong></span> <span class='ocrx_word' id='word_1_603' title='bbox 1545 1755 1593 1782; x_wconf 91' lang='lat' dir='ltr'><strong>per</strong></span> <span class='ocrx_word' id='word_1_604' title='bbox 1614 1745 1701 1779; x_wconf 35' lang='lat' dir='ltr'><strong>respiss</strong></span> 
     </span>
     <span class='ocr_line' id='line_1_85' title="bbox 911 1791 1701 1831; baseline -0.013 -4"><span class='ocrx_word' id='word_1_605' title='bbox 911 1800 1029 1827; x_wconf 85' lang='lat' dir='ltr'><strong>rationes</strong></span> <span class='ocrx_word' id='word_1_606' title='bbox 1048 1800 1192 1826; x_wconf 88' lang='lat' dir='ltr'><strong>continuas</strong></span> <span class='ocrx_word' id='word_1_607' title='bbox 1211 1798 1310 1824; x_wconf 84' lang='lat' dir='ltr'><strong>haurit.</strong></span> <span class='ocrx_word' id='word_1_608' title='bbox 1341 1796 1428 1831; x_wconf 82' lang='lat' dir='ltr'><strong>Hujus</strong></span> <span class='ocrx_word' id='word_1_609' title='bbox 1460 1795 1487 1822; x_wconf 93' lang='lat' dir='ltr'><strong>in</strong></span> <span class='ocrx_word' id='word_1_610' title='bbox 1508 1797 1584 1829; x_wconf 83' lang='lat' dir='ltr'><strong>parte</strong></span> <span class='ocrx_word' id='word_1_611' title='bbox 1615 1791 1701 1819; x_wconf 79' lang='lat' dir='ltr'><strong>media</strong></span> 
     </span>
     <span class='ocr_line' id='line_1_86' title="bbox 912 1838 1702 1879; baseline -0.011 -7"><span class='ocrx_word' id='word_1_612' title='bbox 912 1854 959 1872; x_wconf 84' lang='lat' dir='ltr'><strong>cor</strong></span> <span class='ocrx_word' id='word_1_613' title='bbox 972 1846 1136 1877; x_wconf 86' lang='lat' dir='ltr'><strong>continetur,</strong></span> <span class='ocrx_word' id='word_1_614' title='bbox 1152 1844 1224 1879; x_wconf 88' lang='lat' dir='ltr'><strong>quod</strong></span> <span class='ocrx_word' id='word_1_615' title='bbox 1250 1845 1338 1878; x_wconf 80' lang='lat' dir='ltr'><strong>ipsum</strong></span> <span class='ocrx_word' id='word_1_616' title='bbox 1361 1850 1468 1877; x_wconf 88' lang='lat' dir='ltr'><strong>quoque</strong></span> <span class='ocrx_word' id='word_1_617' title='bbox 1485 1841 1543 1868; x_wconf 87' lang='lat' dir='ltr'><strong>sine</strong></span> <span class='ocrx_word' id='word_1_618' title='bbox 1561 1838 1702 1866; x_wconf 80' lang='lat' dir='ltr'><strong>intermis-</strong></span> 
     </span>
     <span class='ocr_line' id='line_1_87' title="bbox 914 1888 1702 1924; baseline -0.011 -7"><span class='ocrx_word' id='word_1_619' title='bbox 914 1891 990 1917; x_wconf 80' lang='lat' dir='ltr'><strong>sione</strong></span> <span class='ocrx_word' id='word_1_620' title='bbox 1006 1894 1142 1922; x_wconf 87' lang='lat' dir='ltr'><strong>movetur,</strong></span> <span class='ocrx_word' id='word_1_621' title='bbox 1160 1890 1242 1924; x_wconf 86' lang='lat' dir='ltr'><strong>inque</strong></span> <span class='ocrx_word' id='word_1_622' title='bbox 1254 1889 1305 1915; x_wconf 84' lang='lat' dir='ltr'><strong>hoe</strong></span> <span class='ocrx_word' id='word_1_623' title='bbox 1330 1888 1400 1923; x_wconf 86' lang='lat' dir='ltr'><strong>ignis</strong></span> <span class='ocrx_word' id='word_1_624' title='bbox 1418 1893 1555 1920; x_wconf 87' lang='lat' dir='ltr'><strong>nunquam</strong></span> <span class='ocrx_word' id='word_1_625' title='bbox 1574 1891 1628 1910; x_wconf 90' lang='lat' dir='ltr'><strong>non</strong></span> <span class='ocrx_word' id='word_1_626' title='bbox 1645 1890 1702 1909; x_wconf 88' lang='lat' dir='ltr'><strong>mo-</strong></span> 
     </span>
     <span class='ocr_line' id='line_1_88' title="bbox 913 1930 1702 1966; baseline -0.011 -1"><span class='ocrx_word' id='word_1_627' title='bbox 913 1938 976 1965; x_wconf 88' lang='lat' dir='ltr'><strong>bilis</strong></span> <span class='ocrx_word' id='word_1_628' title='bbox 993 1942 1117 1964; x_wconf 85' lang='lat' dir='ltr'><strong>naturam</strong></span> <span class='ocrx_word' id='word_1_629' title='bbox 1145 1937 1276 1963; x_wconf 87' lang='lat' dir='ltr'><strong>imitatur.</strong></span> <span class='ocrx_word' id='word_1_630' title='bbox 1295 1935 1362 1961; x_wconf 80' lang='lat' dir='ltr'><strong>Nam</strong></span> <span class='ocrx_word' id='word_1_631' title='bbox 1378 1935 1464 1960; x_wconf 86' lang='lat' dir='ltr'><strong>instar</strong></span> <span class='ocrx_word' id='word_1_632' title='bbox 1479 1933 1581 1959; x_wconf 81' lang='lat' dir='ltr'><strong>sollium</strong></span> <span class='ocrx_word' id='word_1_633' title='bbox 1602 1930 1702 1966; x_wconf 88' lang='lat' dir='ltr'><strong>quibus</strong></span> 
     </span>
     <span class='ocr_line' id='line_1_89' title="bbox 915 1980 1703 2014; baseline -0.011 -3"><span class='ocrx_word' id='word_1_634' title='bbox 915 1985 942 2011; x_wconf 94' lang='lat' dir='ltr'><strong>in</strong></span> <span class='ocrx_word' id='word_1_635' title='bbox 959 1984 1073 2011; x_wconf 84' lang='lat' dir='ltr'><strong>officinis</strong></span> <span class='ocrx_word' id='word_1_636' title='bbox 1088 1983 1145 2010; x_wconf 85' lang='lat' dir='ltr'><strong>suis</strong></span> <span class='ocrx_word' id='word_1_637' title='bbox 1161 1986 1275 2009; x_wconf 89' lang='lat' dir='ltr'><strong>utuntur</strong></span> <span class='ocrx_word' id='word_1_638' title='bbox 1295 1981 1374 2012; x_wconf 76' lang='lat' dir='ltr'><strong>fabri,</strong></span> <span class='ocrx_word' id='word_1_639' title='bbox 1392 1986 1500 2014; x_wconf 85' lang='lat' dir='ltr'><strong>semper</strong></span> <span class='ocrx_word' id='word_1_640' title='bbox 1515 1985 1604 2005; x_wconf 84' lang='lat' dir='ltr'><strong>aerem</strong></span> <span class='ocrx_word' id='word_1_641' title='bbox 1619 1980 1703 2003; x_wconf 86' lang='lat' dir='ltr'><strong>attra-</strong></span> 
     </span>
     <span class='ocr_line' id='line_1_90' title="bbox 916 2021 1702 2063; baseline -0.013 -6"><span class='ocrx_word' id='word_1_642' title='bbox 916 2030 955 2056; x_wconf 78' lang='lat' dir='ltr'><strong>liit</strong></span> <span class='ocrx_word' id='word_1_643' title='bbox 973 2037 988 2056; x_wconf 92' lang='lat' dir='ltr'><strong>e</strong></span> <span class='ocrx_word' id='word_1_644' title='bbox 1016 2029 1107 2056; x_wconf 81' lang='lat' dir='ltr'><strong>vicino</strong></span> <span class='ocrx_word' id='word_1_645' title='bbox 1132 2029 1269 2063; x_wconf 84' lang='lat' dir='ltr'><strong>pulmone,</strong></span> <span class='ocrx_word' id='word_1_646' title='bbox 1297 2031 1442 2061; x_wconf 83' lang='lat' dir='ltr'><strong>partesque</strong></span> <span class='ocrx_word' id='word_1_647' title='bbox 1467 2031 1603 2051; x_wconf 86' lang='lat' dir='ltr'><strong>concavas</strong></span> <span class='ocrx_word' id='word_1_648' title='bbox 1622 2021 1702 2049; x_wconf 85' lang='lat' dir='ltr'><strong>didu-</strong></span> 
     </span>
     <span class='ocr_line' id='line_1_91' title="bbox 915 2068 1702 2110; baseline -0.013 -7"><span class='ocrx_word' id='word_1_649' title='bbox 915 2076 1004 2102; x_wconf 87' lang='lat' dir='ltr'><strong>ctione</strong></span> <span class='ocrx_word' id='word_1_650' title='bbox 1035 2076 1131 2110; x_wconf 86' lang='lat' dir='ltr'><strong>replet,</strong></span> <span class='ocrx_word' id='word_1_651' title='bbox 1149 2082 1180 2101; x_wconf 88' lang='lat' dir='ltr'><strong>ac</strong></span> <span class='ocrx_word' id='word_1_652' title='bbox 1194 2074 1268 2109; x_wconf 90' lang='lat' dir='ltr'><strong>qnod</strong></span> <span class='ocrx_word' id='word_1_653' title='bbox 1296 2073 1404 2108; x_wconf 77' lang='lat' dir='ltr'><strong>igneum</strong></span> <span class='ocrx_word' id='word_1_654' title='bbox 1430 2075 1471 2098; x_wconf 77' lang='lat' dir='ltr'><strong>est</strong></span> <span class='ocrx_word' id='word_1_655' title='bbox 1492 2071 1518 2096; x_wconf 94' lang='lat' dir='ltr'><strong>in</strong></span> <span class='ocrx_word' id='word_1_656' title='bbox 1537 2070 1596 2103; x_wconf 89' lang='lat' dir='ltr'><strong>ipso</strong></span> <span class='ocrx_word' id='word_1_657' title='bbox 1621 2068 1702 2098; x_wconf 83' lang='lat' dir='ltr'><strong>efflat,</strong></span> 
     </span>
     <span class='ocr_line' id='line_1_92' title="bbox 917 2115 1701 2156; baseline -0.013 -7"><span class='ocrx_word' id='word_1_658' title='bbox 917 2123 998 2156; x_wconf 90' lang='lat' dir='ltr'><strong>inque</strong></span> <span class='ocrx_word' id='word_1_659' title='bbox 1011 2122 1154 2156; x_wconf 78' lang='lat' dir='ltr'><strong>adjunctas</strong></span> <span class='ocrx_word' id='word_1_660' title='bbox 1178 2120 1292 2147; x_wconf 85' lang='lat' dir='ltr'><strong>arterias</strong></span> <span class='ocrx_word' id='word_1_661' title='bbox 1309 2118 1440 2146; x_wconf 80' lang='lat' dir='ltr'><strong>excernit.</strong></span> <span class='ocrx_word' id='word_1_662' title='bbox 1457 2116 1512 2143; x_wconf 84' lang='lat' dir='ltr'><strong>lloc</strong></span> <span class='ocrx_word' id='word_1_663' title='bbox 1543 2115 1609 2142; x_wconf 86' lang='lat' dir='ltr'><strong>adeo</strong></span> <span class='ocrx_word' id='word_1_664' title='bbox 1630 2122 1701 2141; x_wconf 88' lang='lat' dir='ltr'><strong>nun-</strong></span> 
     </span>
    </p>
   </div>
   <div class='ocr_carea' id='block_1_13' title="bbox 79 2161 1704 2204">
    <p class='ocr_par' dir='ltr' id='par_1_14' title="bbox 79 2161 1704 2204">
     <span class='ocr_line' id='line_1_93' title="bbox 79 2161 1704 2204; baseline -0.005 -12"><span class='ocrx_word' id='word_1_665' title='bbox 79 2174 140 2196; x_wconf 78' lang='grc' dir='ltr'>ταις</span> <span class='ocrx_word' id='word_1_666' title='bbox 161 2166 305 2201; x_wconf 81' lang='grc' dir='ltr'>αρτηρίαις</span> <span class='ocrx_word' id='word_1_667' title='bbox 328 2166 510 2200; x_wconf 80' lang='grc' dir='ltr'>εἰσκρίνουσα.</span> <span class='ocrx_word' id='word_1_668' title='bbox 528 2166 562 2191; x_wconf 90' lang='grc' dir='ltr'>Ὄ</span> <span class='ocrx_word' id='word_1_669' title='bbox 590 2174 634 2200; x_wconf 84' lang='grc' dir='ltr'><strong>μοι</strong></span> <span class='ocrx_word' id='word_1_670' title='bbox 650 2166 723 2192; x_wconf 88' lang='grc' dir='ltr'>δοκεῖ</span> <span class='ocrx_word' id='word_1_671' title='bbox 746 2167 792 2192; x_wconf 75' lang='grc' dir='ltr'><strong>καὶ</strong></span> <span class='ocrx_word' id='word_1_672' title='bbox 816 2166 864 2200; x_wconf 74' lang='grc' dir='ltr'><strong>τῆς</strong></span> <span class='ocrx_word' id='word_1_673' title='bbox 881 2177 902 2204; x_wconf 82' lang='lat' dir='ltr'>D</span> <span class='ocrx_word' id='word_1_674' title='bbox 917 2175 997 2202; x_wconf 86' lang='lat' dir='ltr'><strong>quam</strong></span> <span class='ocrx_word' id='word_1_675' title='bbox 1015 2175 1069 2199; x_wconf 80' lang='lat' dir='ltr'><strong>non</strong></span> <span class='ocrx_word' id='word_1_676' title='bbox 1094 2167 1158 2200; x_wconf 58' lang='lat' dir='ltr'><strong>agit,</strong></span> <span class='ocrx_word' id='word_1_677' title='bbox 1177 2166 1248 2192; x_wconf 87' lang='lat' dir='ltr'><strong>aliud</strong></span> <span class='ocrx_word' id='word_1_678' title='bbox 1267 2164 1438 2192; x_wconf 80' lang='lat' dir='ltr'><strong>extrinsecus</strong></span> <span class='ocrx_word' id='word_1_679' title='bbox 1457 2170 1503 2197; x_wconf 86' lang='lat' dir='ltr'><strong>per</strong></span> <span class='ocrx_word' id='word_1_680' title='bbox 1520 2161 1704 2187; x_wconf 85' lang='lat' dir='ltr'><strong>diductionem</strong></span> 
     </span>
    </p>
   </div>
   <div class='ocr_carea' id='block_1_14' title="bbox 81 2209 866 2427">
    <p class='ocr_par' dir='ltr' id='par_1_15' title="bbox 81 2209 866 2427">
     <span class='ocr_line' id='line_1_94' title="bbox 81 2209 863 2244; baseline 0.001 -9"><span class='ocrx_word' id='word_1_681' title='bbox 81 2211 232 2244; x_wconf 68' lang='grc' dir='ltr'>αὐτομάτου</span> <span class='ocrx_word' id='word_1_682' title='bbox 258 2210 358 2244; x_wconf 86' lang='grc' dir='ltr'>ταύτης</span> <span class='ocrx_word' id='word_1_683' title='bbox 382 2210 517 2244; x_wconf 81' lang='grc' dir='ltr'>ἀναπνοῆς</span> <span class='ocrx_word' id='word_1_684' title='bbox 540 2209 624 2235; x_wconf 72' lang='grc' dir='ltr'>αἴτιον</span> <span class='ocrx_word' id='word_1_685' title='bbox 645 2211 710 2244; x_wconf 79' lang='grc' dir='ltr'>ἡμῖν</span> <span class='ocrx_word' id='word_1_686' title='bbox 732 2210 863 2243; x_wconf 70' lang='grc' dir='ltr'>γίνεσθαι.</span> 
     </span>
     <span class='ocr_line' id='line_1_95' title="bbox 82 2254 866 2290; baseline 0 -10"><span class='ocrx_word' id='word_1_687' title='bbox 82 2255 214 2286; x_wconf 72' lang='grc' dir='ltr'>Πολλάκις</span> <span class='ocrx_word' id='word_1_688' title='bbox 229 2255 282 2290; x_wconf 76' lang='grc' dir='ltr'><strong>γὰρ</strong></span> <span class='ocrx_word' id='word_1_689' title='bbox 297 2257 310 2281; x_wconf 84' lang='grc' dir='ltr'>ὁ</span> <span class='ocrx_word' id='word_1_690' title='bbox 331 2256 379 2290; x_wconf 80' lang='grc' dir='ltr'><strong>μὲν</strong></span> <span class='ocrx_word' id='word_1_691' title='bbox 389 2255 450 2285; x_wconf 78' lang='grc' dir='ltr'>νοῦς</span> <span class='ocrx_word' id='word_1_692' title='bbox 467 2254 579 2289; x_wconf 78' lang='grc' dir='ltr'>ἄσχολός</span> <span class='ocrx_word' id='word_1_693' title='bbox 594 2256 651 2280; x_wconf 81' lang='grc' dir='ltr'>ἐστι</span> <span class='ocrx_word' id='word_1_694' title='bbox 670 2255 738 2290; x_wconf 76' lang='grc' dir='ltr'>πρὸς</span> <span class='ocrx_word' id='word_1_695' title='bbox 757 2255 866 2290; x_wconf 79' lang='grc' dir='ltr'>ἑτέρους</span> 
     </span>
     <span class='ocr_line' id='line_1_96' title="bbox 82 2300 865 2336; baseline -0.001 -9"><span class='ocrx_word' id='word_1_696' title='bbox 82 2301 98 2335; x_wconf 84' lang='grc' dir='ltr'>ἢ</span> <span class='ocrx_word' id='word_1_697' title='bbox 115 2301 162 2327; x_wconf 85' lang='grc' dir='ltr'><strong>καὶ</strong></span> <span class='ocrx_word' id='word_1_698' title='bbox 182 2301 354 2327; x_wconf 75' lang='grc' dir='ltr'>παντάπασιν</span> <span class='ocrx_word' id='word_1_699' title='bbox 371 2301 480 2336; x_wconf 74' lang='grc' dir='ltr'>ἠρεμεῖ,</span> <span class='ocrx_word' id='word_1_700' title='bbox 496 2300 620 2331; x_wconf 83' lang='grc' dir='ltr'>λυθέντος</span> <span class='ocrx_word' id='word_1_701' title='bbox 633 2302 661 2326; x_wconf 82' lang='grc' dir='ltr'><strong>ἐν</strong></span> <span class='ocrx_word' id='word_1_702' title='bbox 674 2300 712 2335; x_wconf 84' lang='grc' dir='ltr'><strong>τῷ</strong></span> <span class='ocrx_word' id='word_1_703' title='bbox 728 2300 803 2335; x_wconf 72' lang='grc' dir='ltr'>ὕπνῳ</span> <span class='ocrx_word' id='word_1_704' title='bbox 819 2300 865 2326; x_wconf 81' lang='grc' dir='ltr'><strong>τοῦ</strong></span> 
     </span>
     <span class='ocr_line' id='line_1_97' title="bbox 84 2346 866 2398; baseline 0 -27"><span class='ocrx_word' id='word_1_705' title='bbox 84 2346 217 2398; x_wconf 77' lang='grc' dir='ltr'>σώματος,</span> <span class='ocrx_word' id='word_1_706' title='bbox 229 2348 245 2381; x_wconf 77' lang='grc' dir='ltr'><strong>ὴ</strong></span> <span class='ocrx_word' id='word_1_707' title='bbox 258 2346 285 2372; x_wconf 78' lang='grc' dir='ltr'><strong>δὲ</strong></span> <span class='ocrx_word' id='word_1_708' title='bbox 303 2346 422 2381; x_wconf 79' lang='grc' dir='ltr'>ἀναπνοὴ</span> <span class='ocrx_word' id='word_1_709' title='bbox 446 2346 492 2372; x_wconf 79' lang='grc' dir='ltr'><strong>τοῦ</strong></span> <span class='ocrx_word' id='word_1_710' title='bbox 513 2347 592 2381; x_wconf 82' lang='grc' dir='ltr'>ἀέρος</span> <span class='ocrx_word' id='word_1_711' title='bbox 607 2346 636 2371; x_wconf 79' lang='grc' dir='ltr'><strong>ού</strong></span> <span class='ocrx_word' id='word_1_712' title='bbox 648 2346 791 2378; x_wconf 82' lang='grc' dir='ltr'>διαλείπει,</span> <span class='ocrx_word' id='word_1_713' title='bbox 806 2346 866 2381; x_wconf 76' lang='grc' dir='ltr'>μηδ’</span> 
     </span>
     <span class='ocr_line' id='line_1_98' title="bbox 83 2391 777 2427; baseline 0 -10"><span class='ocrx_word' id='word_1_714' title='bbox 83 2399 171 2417; x_wconf 82' lang='grc' dir='ltr'>οτιουν</span> <span class='ocrx_word' id='word_1_715' title='bbox 188 2392 371 2426; x_wconf 75' lang='grc' dir='ltr'>συνεργούσης</span> <span class='ocrx_word' id='word_1_716' title='bbox 384 2393 421 2422; x_wconf 86' lang='grc' dir='ltr'><strong>είς</strong></span> <span class='ocrx_word' id='word_1_717' title='bbox 436 2391 511 2417; x_wconf 78' lang='grc' dir='ltr'>τοῦτο</span> <span class='ocrx_word' id='word_1_718' title='bbox 524 2391 572 2426; x_wconf 82' lang='grc' dir='ltr'><strong>τῆς</strong></span> <span class='ocrx_word' id='word_1_719' title='bbox 584 2393 777 2427; x_wconf 81' lang='grc' dir='ltr'>προαιρέσεως.</span> 
     </span>
    </p>
   </div>
   <div class='ocr_carea' id='block_1_15' title="bbox 919 2205 1707 2429">
    <p class='ocr_par' dir='ltr' id='par_1_16' title="bbox 919 2205 1707 2429">
     <span class='ocr_line' id='line_1_99' title="bbox 920 2205 1705 2246; baseline -0.013 -7"><span class='ocrx_word' id='word_1_720' title='bbox 920 2212 961 2239; x_wconf 87' lang='lat' dir='ltr'><strong>sui</strong></span> <span class='ocrx_word' id='word_1_721' title='bbox 975 2211 1098 2246; x_wconf 89' lang='lat' dir='ltr'><strong>proprias</strong></span> <span class='ocrx_word' id='word_1_722' title='bbox 1111 2211 1137 2237; x_wconf 92' lang='lat' dir='ltr'><strong>in</strong></span> <span class='ocrx_word' id='word_1_723' title='bbox 1153 2209 1298 2244; x_wconf 82' lang='lat' dir='ltr'><strong>capcdines</strong></span> <span class='ocrx_word' id='word_1_724' title='bbox 1310 2207 1483 2239; x_wconf 83' lang='lat' dir='ltr'><strong>attrahendo,</strong></span> <span class='ocrx_word' id='word_1_725' title='bbox 1498 2205 1571 2232; x_wconf 91' lang='lat' dir='ltr'><strong>aliud</strong></span> <span class='ocrx_word' id='word_1_726' title='bbox 1585 2212 1599 2230; x_wconf 89' lang='lat' dir='ltr'><strong>a</strong></span> <span class='ocrx_word' id='word_1_727' title='bbox 1613 2212 1642 2230; x_wconf 80' lang='lat' dir='ltr'><strong>se</strong></span> <span class='ocrx_word' id='word_1_728' title='bbox 1658 2211 1705 2237; x_wconf 75' lang='lat' dir='ltr'><strong>pet·</strong></span> 
     </span>
     <span class='ocr_line' id='line_1_100' title="bbox 919 2249 1705 2292; baseline -0.013 -8"><span class='ocrx_word' id='word_1_729' title='bbox 919 2257 1151 2292; x_wconf 77' lang='lat' dir='ltr'><strong>compressionem</strong></span> <span class='ocrx_word' id='word_1_730' title='bbox 1183 2256 1208 2282; x_wconf 92' lang='lat' dir='ltr'><strong>in</strong></span> <span class='ocrx_word' id='word_1_731' title='bbox 1236 2255 1350 2281; x_wconf 87' lang='lat' dir='ltr'><strong>arterias</strong></span> <span class='ocrx_word' id='word_1_732' title='bbox 1377 2251 1559 2280; x_wconf 85' lang='lat' dir='ltr'><strong>excernendo.</strong></span> <span class='ocrx_word' id='word_1_733' title='bbox 1589 2249 1619 2276; x_wconf 85' lang='lat' dir='ltr'><strong>ln</strong></span> <span class='ocrx_word' id='word_1_734' title='bbox 1652 2256 1705 2283; x_wconf 82' lang='lat' dir='ltr'><strong>quo</strong></span> 
     </span>
     <span class='ocr_line' id='line_1_101' title="bbox 920 2293 1706 2337; baseline -0.014 -8"><span class='ocrx_word' id='word_1_735' title='bbox 920 2303 983 2329; x_wconf 80' lang='lat' dir='ltr'><strong>milii</strong></span> <span class='ocrx_word' id='word_1_736' title='bbox 1000 2303 1108 2337; x_wconf 84' lang='lat' dir='ltr'><strong>quidem</strong></span> <span class='ocrx_word' id='word_1_737' title='bbox 1124 2300 1314 2337; x_wconf 82' lang='lat' dir='ltr'><strong>respirationis</strong></span> <span class='ocrx_word' id='word_1_738' title='bbox 1333 2300 1413 2326; x_wconf 88' lang='lat' dir='ltr'><strong>etiam</strong></span> <span class='ocrx_word' id='word_1_739' title='bbox 1430 2298 1566 2324; x_wconf 61' lang='lat' dir='ltr'><strong>continua}</strong></span> <span class='ocrx_word' id='word_1_740' title='bbox 1582 2295 1609 2321; x_wconf 93' lang='lat' dir='ltr'><strong>in</strong></span> <span class='ocrx_word' id='word_1_741' title='bbox 1626 2293 1706 2320; x_wconf 85' lang='lat' dir='ltr'><strong>nobis</strong></span> 
     </span>
     <span class='ocr_line' id='line_1_102' title="bbox 920 2338 1707 2383; baseline -0.014 -8"><span class='ocrx_word' id='word_1_742' title='bbox 920 2356 981 2376; x_wconf 86' lang='lat' dir='ltr'><strong>csse</strong></span> <span class='ocrx_word' id='word_1_743' title='bbox 1003 2349 1090 2383; x_wconf 86' lang='lat' dir='ltr'><strong>posita</strong></span> <span class='ocrx_word' id='word_1_744' title='bbox 1119 2356 1201 2375; x_wconf 81' lang='lat' dir='ltr'><strong>causa</strong></span> <span class='ocrx_word' id='word_1_745' title='bbox 1226 2347 1341 2374; x_wconf 86' lang='lat' dir='ltr'><strong>videtur.</strong></span> <span class='ocrx_word' id='word_1_746' title='bbox 1371 2344 1437 2370; x_wconf 84' lang='lat' dir='ltr'><strong>Nam</strong></span> <span class='ocrx_word' id='word_1_747' title='bbox 1474 2350 1549 2368; x_wconf 92' lang='lat' dir='ltr'><strong>mens</strong></span> <span class='ocrx_word' id='word_1_748' title='bbox 1576 2347 1647 2374; x_wconf 80' lang='lat' dir='ltr'><strong>saepe</strong></span> <span class='ocrx_word' id='word_1_749' title='bbox 1661 2338 1707 2364; x_wconf 72' lang='lat' dir='ltr'><strong>«lat</strong></span> 
     </span>
     <span class='ocr_line' id='line_1_103' title="bbox 922 2385 1706 2429; baseline -0.013 -9"><span class='ocrx_word' id='word_1_750' title='bbox 922 2395 982 2421; x_wconf 83' lang='lat' dir='ltr'><strong>aliis</strong></span> <span class='ocrx_word' id='word_1_751' title='bbox 1012 2395 1089 2429; x_wconf 81' lang='lat' dir='ltr'><strong>quasi</strong></span> <span class='ocrx_word' id='word_1_752' title='bbox 1119 2402 1240 2428; x_wconf 86' lang='lat' dir='ltr'><strong>operam,</strong></span> <span class='ocrx_word' id='word_1_753' title='bbox 1268 2393 1310 2419; x_wconf 81' lang='lat' dir='ltr'><strong>vel</strong></span> <span class='ocrx_word' id='word_1_754' title='bbox 1333 2397 1444 2426; x_wconf 85' lang='lat' dir='ltr'><strong>prorsus</strong></span> <span class='ocrx_word' id='word_1_755' title='bbox 1467 2389 1547 2415; x_wconf 88' lang='lat' dir='ltr'><strong>ctiam</strong></span> <span class='ocrx_word' id='word_1_756' title='bbox 1578 2385 1706 2420; x_wconf 72' lang='lat' dir='ltr'><strong>quiescit,</strong></span> 
     </span>
    </p>
   </div>
   <div class='ocr_carea' id='block_1_16' title="bbox 84 2429 1707 2471">
    <p class='ocr_par' dir='ltr' id='par_1_17' title="bbox 84 2429 1707 2471">
     <span class='ocr_line' id='line_1_104' title="bbox 84 2429 1707 2471; baseline -0.006 -7"><span class='ocrx_word' id='word_1_757' title='bbox 84 2444 180 2464; x_wconf 91' lang='lat' dir='ltr'><strong>somno</strong></span> <span class='ocrx_word' id='word_1_758' title='bbox 207 2444 307 2470; x_wconf 88' lang='lat' dir='ltr'><strong>corpus</strong></span> <span class='ocrx_word' id='word_1_759' title='bbox 319 2440 478 2470; x_wconf 86' lang='lat' dir='ltr'><strong>occupante,</strong></span> <span class='ocrx_word' id='word_1_760' title='bbox 506 2443 567 2462; x_wconf 87' lang='lat' dir='ltr'><strong>cum</strong></span> <span class='ocrx_word' id='word_1_761' title='bbox 585 2436 695 2462; x_wconf 87' lang='lat' dir='ltr'><strong>minime</strong></span> <span class='ocrx_word' id='word_1_762' title='bbox 711 2436 854 2470; x_wconf 82' lang='lat' dir='ltr'><strong>respiratio</strong></span> <span class='ocrx_word' id='word_1_763' title='bbox 871 2437 1071 2471; x_wconf 81' lang='lat' dir='ltr'><strong>intermittitur,</strong></span> <span class='ocrx_word' id='word_1_764' title='bbox 1089 2439 1194 2466; x_wconf 84' lang='lat' dir='ltr'><strong>etiamsi</strong></span> <span class='ocrx_word' id='word_1_765' title='bbox 1217 2446 1266 2464; x_wconf 89' lang='lat' dir='ltr'><strong>nos</strong></span> <span class='ocrx_word' id='word_1_766' title='bbox 1294 2437 1362 2463; x_wconf 71' lang='lat' dir='ltr'><strong>lianc</strong></span> <span class='ocrx_word' id='word_1_767' title='bbox 1394 2434 1468 2461; x_wconf 91' lang='lat' dir='ltr'><strong>nullo</strong></span> <span class='ocrx_word' id='word_1_768' title='bbox 1494 2436 1572 2468; x_wconf 85' lang='lat' dir='ltr'><strong>pacto</strong></span> <span class='ocrx_word' id='word_1_769' title='bbox 1603 2429 1707 2457; x_wconf 76' lang='lat' dir='ltr'><strong>efficere</strong></span> 
     </span>
    </p>
   </div>
   <div class='ocr_carea' id='block_1_17' title="bbox 85 2482 871 2791">
    <p class='ocr_par' dir='ltr' id='par_1_18' title="bbox 85 2482 296 2508">
     <span class='ocr_line' id='line_1_105' title="bbox 85 2482 296 2508; baseline 0 0"><span class='ocrx_word' id='word_1_770' title='bbox 85 2482 296 2508; x_wconf 75' lang='lat' dir='ltr'><strong>decreverimus.</strong></span> 
     </span>
    </p>

    <p class='ocr_par' dir='ltr' id='par_1_19' title="bbox 87 2525 871 2791">
     <span class='ocr_line' id='line_1_106' title="bbox 121 2525 869 2561; baseline -0.003 -8"><span class='ocrx_word' id='word_1_771' title='bbox 121 2525 203 2561; x_wconf 72' lang='grc' dir='ltr'>Οἶμαι</span> <span class='ocrx_word' id='word_1_772' title='bbox 224 2527 289 2561; x_wconf 77' lang='grc' dir='ltr'>γὰρ,</span> <span class='ocrx_word' id='word_1_773' title='bbox 311 2525 404 2560; x_wconf 79' lang='grc' dir='ltr'>ἐπειδὴ</span> <span class='ocrx_word' id='word_1_774' title='bbox 429 2527 617 2561; x_wconf 80' lang='grc' dir='ltr'>περιείληπται</span> <span class='ocrx_word' id='word_1_775' title='bbox 645 2526 684 2560; x_wconf 82' lang='grc' dir='ltr'><strong>τῷ</strong></span> <span class='ocrx_word' id='word_1_776' title='bbox 704 2526 833 2560; x_wconf 77' lang='grc' dir='ltr'>πνεύμονι</span> <span class='ocrx_word' id='word_1_777' title='bbox 853 2527 869 2560; x_wconf 86' lang='grc' dir='ltr'>ἠ</span> 
     </span>
     <span class='ocr_line' id='line_1_107' title="bbox 87 2572 871 2608; baseline 0.001 -9"><span class='ocrx_word' id='word_1_778' title='bbox 87 2573 195 2607; x_wconf 80' lang='grc' dir='ltr'>καρδία,</span> <span class='ocrx_word' id='word_1_779' title='bbox 215 2573 261 2599; x_wconf 77' lang='grc' dir='ltr'><strong>καὶ</strong></span> <span class='ocrx_word' id='word_1_780' title='bbox 276 2572 468 2607; x_wconf 70' lang='grc' dir='ltr'>προσπέφυκεν</span> <span class='ocrx_word' id='word_1_781' title='bbox 498 2573 571 2608; x_wconf 81' lang='grc' dir='ltr'>αὐτῷ</span> <span class='ocrx_word' id='word_1_782' title='bbox 601 2574 671 2600; x_wconf 75' lang='grc' dir='ltr'>κατὰ</span> <span class='ocrx_word' id='word_1_783' title='bbox 696 2574 725 2599; x_wconf 76' lang='grc' dir='ltr'><strong>το</strong></span> <span class='ocrx_word' id='word_1_784' title='bbox 749 2573 871 2600; x_wconf 81' lang='grc' dir='ltr'>δπίσθιον</span> 
     </span>
     <span class='ocr_line' id='line_1_108' title="bbox 88 2618 870 2654; baseline -0.001 -9"><span class='ocrx_word' id='word_1_785' title='bbox 88 2619 185 2653; x_wconf 81' lang='grc' dir='ltr'>ἑαυτῆς</span> <span class='ocrx_word' id='word_1_786' title='bbox 197 2619 288 2654; x_wconf 84' lang='grc' dir='ltr'>μέρος,</span> <span class='ocrx_word' id='word_1_787' title='bbox 300 2620 359 2649; x_wconf 84' lang='grc' dir='ltr'>ταῖς</span> <span class='ocrx_word' id='word_1_788' title='bbox 377 2618 455 2650; x_wconf 81' lang='grc' dir='ltr'>ἰδίαις</span> <span class='ocrx_word' id='word_1_789' title='bbox 468 2619 619 2650; x_wconf 77' lang='grc' dir='ltr'>διαστολαῖς</span> <span class='ocrx_word' id='word_1_790' title='bbox 634 2621 680 2645; x_wconf 76' lang='grc' dir='ltr'><strong>καὶ</strong></span> <span class='ocrx_word' id='word_1_791' title='bbox 695 2619 870 2654; x_wconf 72' lang='grc' dir='ltr'>συμπτώσεσι</span> 
     </span>
     <span class='ocr_line' id='line_1_109' title="bbox 90 2664 871 2700; baseline 0 -9"><span class='ocrx_word' id='word_1_792' title='bbox 90 2664 254 2699; x_wconf 79' lang='grc' dir='ltr'>συγκινοῦσα</span> <span class='ocrx_word' id='word_1_793' title='bbox 278 2665 308 2690; x_wconf 75' lang='grc' dir='ltr'><strong>τὸ</strong></span> <span class='ocrx_word' id='word_1_794' title='bbox 338 2665 500 2699; x_wconf 76' lang='grc' dir='ltr'>σπλάγχνον,</span> <span class='ocrx_word' id='word_1_795' title='bbox 521 2666 569 2700; x_wconf 84' lang='grc' dir='ltr'><strong>τὴν</strong></span> <span class='ocrx_word' id='word_1_796' title='bbox 581 2666 627 2691; x_wconf 79' lang='grc' dir='ltr'><strong>τοῦ</strong></span> <span class='ocrx_word' id='word_1_797' title='bbox 649 2666 727 2700; x_wconf 80' lang='grc' dir='ltr'>ἀέρος</span> <span class='ocrx_word' id='word_1_798' title='bbox 748 2665 828 2700; x_wconf 74' lang='grc' dir='ltr'>ὁλκήν</span> <span class='ocrx_word' id='word_1_799' title='bbox 843 2674 871 2691; x_wconf 87' lang='grc' dir='ltr'><strong>τε</strong></span> 
     </span>
     <span class='ocr_line' id='line_1_110' title="bbox 90 2711 871 2746; baseline -0.003 -8"><span class='ocrx_word' id='word_1_800' title='bbox 90 2712 135 2738; x_wconf 81' lang='grc' dir='ltr'><strong>καὶ</strong></span> <span class='ocrx_word' id='word_1_801' title='bbox 161 2711 280 2745; x_wconf 78' lang='grc' dir='ltr'>ἐμπνοὴν</span> <span class='ocrx_word' id='word_1_802' title='bbox 306 2711 510 2745; x_wconf 77' lang='grc' dir='ltr'>ὲκμηχανᾶσθαι</span> <span class='ocrx_word' id='word_1_803' title='bbox 533 2711 571 2746; x_wconf 79' lang='grc' dir='ltr'><strong>τῷ</strong></span> <span class='ocrx_word' id='word_1_804' title='bbox 602 2711 742 2745; x_wconf 78' lang='grc' dir='ltr'>πνεύμονι.</span> <span class='ocrx_word' id='word_1_805' title='bbox 766 2711 871 2745; x_wconf 73' lang='grc' dir='ltr'>Ἀραιὸς</span> 
     </span>
     <span class='ocr_line' id='line_1_111' title="bbox 90 2755 871 2791; baseline -0.004 -8"><span class='ocrx_word' id='word_1_806' title='bbox 90 2757 143 2791; x_wconf 74' lang='grc' dir='ltr'><strong>γάρ</strong></span> <span class='ocrx_word' id='word_1_807' title='bbox 171 2765 212 2787; x_wconf 83' lang='grc' dir='ltr'><strong>τις</strong></span> <span class='ocrx_word' id='word_1_808' title='bbox 235 2755 271 2782; x_wconf 79' lang='grc' dir='ltr'><strong>ὢν</strong></span> <span class='ocrx_word' id='word_1_809' title='bbox 288 2756 333 2782; x_wconf 79' lang='grc' dir='ltr'><strong>καὶ</strong></span> <span class='ocrx_word' id='word_1_810' title='bbox 350 2756 511 2791; x_wconf 82' lang='grc' dir='ltr'>πολύπορος,</span> <span class='ocrx_word' id='word_1_811' title='bbox 523 2757 568 2782; x_wconf 76' lang='grc' dir='ltr'><strong>καὶ</strong></span> <span class='ocrx_word' id='word_1_812' title='bbox 591 2757 678 2786; x_wconf 75' lang='grc' dir='ltr'>πάσας</span> <span class='ocrx_word' id='word_1_813' title='bbox 690 2756 738 2786; x_wconf 71' lang='grc' dir='ltr'><strong>τὰς</strong></span> <span class='ocrx_word' id='word_1_814' title='bbox 753 2757 780 2781; x_wconf 80' lang='grc' dir='ltr'><strong>ὲν</strong></span> <span class='ocrx_word' id='word_1_815' title='bbox 799 2756 871 2790; x_wconf 70' lang='grc' dir='ltr'>αὐτῷ</span> 
     </span>
    </p>
   </div>
   <div class='ocr_carea' id='block_1_18' title="bbox 93 2801 872 2836">
    <p class='ocr_par' dir='ltr' id='par_1_20' title="bbox 93 2801 872 2836">
     <span class='ocr_line' id='line_1_112' title="bbox 93 2801 872 2836; baseline 0.003 -10"><span class='ocrx_word' id='word_1_816' title='bbox 93 2801 246 2835; x_wconf 71' lang='grc' dir='ltr'>κοιλότητας</span> <span class='ocrx_word' id='word_1_817' title='bbox 256 2801 321 2836; x_wconf 66' lang='grc' dir='ltr'>πρὸς</span> <span class='ocrx_word' id='word_1_818' title='bbox 334 2801 376 2827; x_wconf 64' lang='grc' dir='ltr'><strong>τὸν</strong></span> <span class='ocrx_word' id='word_1_819' title='bbox 390 2801 511 2836; x_wconf 72' lang='grc' dir='ltr'>πυθμένα</span> <span class='ocrx_word' id='word_1_820' title='bbox 519 2802 567 2835; x_wconf 68' lang='grc' dir='ltr'><strong>τῆς</strong></span> <span class='ocrx_word' id='word_1_821' title='bbox 579 2803 709 2836; x_wconf 74' lang='grc' dir='ltr'>ἀρτηρίας</span> <span class='ocrx_word' id='word_1_822' title='bbox 722 2804 872 2836; x_wconf 63' lang='grc' dir='ltr'>ἀνεστομω-</span> 
     </span>
    </p>
   </div>
   <div class='ocr_carea' id='block_1_19' title="bbox 920 2523 1708 2836">
    <p class='ocr_par' dir='ltr' id='par_1_21' title="bbox 920 2523 1708 2836">
     <span class='ocr_line' id='line_1_113' title="bbox 955 2523 1708 2561; baseline -0.005 -9"><span class='ocrx_word' id='word_1_823' title='bbox 955 2526 1009 2561; x_wconf 78' lang='lat' dir='ltr'><strong>Ego</strong></span> <span class='ocrx_word' id='word_1_824' title='bbox 1035 2527 1074 2554; x_wconf 71' lang='lat' dir='ltr'><strong>sie:</strong></span> <span class='ocrx_word' id='word_1_825' title='bbox 1095 2527 1224 2558; x_wconf 86' lang='lat' dir='ltr'><strong>arbitror,</strong></span> <span class='ocrx_word' id='word_1_826' title='bbox 1249 2533 1295 2552; x_wconf 90' lang='lat' dir='ltr'><strong>cor</strong></span> <span class='ocrx_word' id='word_1_827' title='bbox 1311 2525 1410 2559; x_wconf 73' lang='lat' dir='ltr'><strong>ipsum,</strong></span> <span class='ocrx_word' id='word_1_828' title='bbox 1429 2523 1501 2559; x_wconf 89' lang='lat' dir='ltr'><strong>quod</strong></span> <span class='ocrx_word' id='word_1_829' title='bbox 1523 2523 1616 2558; x_wconf 87' lang='lat' dir='ltr'><strong>pulmo</strong></span> <span class='ocrx_word' id='word_1_830' title='bbox 1634 2530 1708 2549; x_wconf 87' lang='lat' dir='ltr'><strong>com-</strong></span> 
     </span>
     <span class='ocr_line' id='line_1_114' title="bbox 920 2568 1705 2606; baseline -0.005 -9"><span class='ocrx_word' id='word_1_831' title='bbox 920 2572 1045 2606; x_wconf 83' lang='lat' dir='ltr'><strong>plectitur</strong></span> <span class='ocrx_word' id='word_1_832' title='bbox 1062 2579 1196 2598; x_wconf 78' lang='lat' dir='ltr'><strong>annexum</strong></span> <span class='ocrx_word' id='word_1_833' title='bbox 1206 2571 1258 2598; x_wconf 87' lang='lat' dir='ltr'><strong>sibi</strong></span> <span class='ocrx_word' id='word_1_834' title='bbox 1273 2571 1422 2604; x_wconf 86' lang='lat' dir='ltr'><strong>posteriore</strong></span> <span class='ocrx_word' id='word_1_835' title='bbox 1438 2570 1479 2596; x_wconf 85' lang='lat' dir='ltr'><strong>sui</strong></span> <span class='ocrx_word' id='word_1_836' title='bbox 1495 2573 1581 2603; x_wconf 87' lang='lat' dir='ltr'><strong>parte,</strong></span> <span class='ocrx_word' id='word_1_837' title='bbox 1599 2568 1705 2602; x_wconf 87' lang='lat' dir='ltr'><strong>quoties</strong></span> 
     </span>
     <span class='ocr_line' id='line_1_115' title="bbox 921 2615 1705 2653; baseline -0.009 -8"><span class='ocrx_word' id='word_1_838' title='bbox 921 2618 1079 2653; x_wconf 72' lang='lat' dir='ltr'><strong>explicatur,</strong></span> <span class='ocrx_word' id='word_1_839' title='bbox 1104 2619 1144 2645; x_wconf 75' lang='lat' dir='ltr'><strong>vel</strong></span> <span class='ocrx_word' id='word_1_840' title='bbox 1175 2617 1295 2644; x_wconf 75' lang='lat' dir='ltr'><strong>vicissim</strong></span> <span class='ocrx_word' id='word_1_841' title='bbox 1328 2615 1527 2650; x_wconf 87' lang='lat' dir='ltr'><strong>comprimitur,</strong></span> <span class='ocrx_word' id='word_1_842' title='bbox 1549 2621 1601 2640; x_wconf 84' lang='lat' dir='ltr'><strong>una</strong></span> <span class='ocrx_word' id='word_1_843' title='bbox 1613 2621 1705 2640; x_wconf 91' lang='lat' dir='ltr'><strong>secum</strong></span> 
     </span>
     <span class='ocr_line' id='line_1_116' title="bbox 922 2657 1706 2698; baseline -0.005 -9"><span class='ocrx_word' id='word_1_844' title='bbox 922 2665 1075 2698; x_wconf 89' lang='lat' dir='ltr'><strong>pulmonem</strong></span> <span class='ocrx_word' id='word_1_845' title='bbox 1091 2671 1210 2695; x_wconf 74' lang='lat' dir='ltr'><strong>movere,</strong></span> <span class='ocrx_word' id='word_1_846' title='bbox 1227 2666 1308 2696; x_wconf 81' lang='lat' dir='ltr'><strong>atque</strong></span> <span class='ocrx_word' id='word_1_847' title='bbox 1331 2662 1382 2688; x_wconf 81' lang='lat' dir='ltr'><strong>lioc</strong></span> <span class='ocrx_word' id='word_1_848' title='bbox 1399 2665 1478 2696; x_wconf 87' lang='lat' dir='ltr'><strong>pacto</strong></span> <span class='ocrx_word' id='word_1_849' title='bbox 1498 2660 1612 2692; x_wconf 82' lang='lat' dir='ltr'><strong>efficere,</strong></span> <span class='ocrx_word' id='word_1_850' title='bbox 1638 2663 1667 2685; x_wconf 90' lang='lat' dir='ltr'><strong>ut</strong></span> <span class='ocrx_word' id='word_1_851' title='bbox 1684 2657 1706 2684; x_wconf 76' lang='lat' dir='ltr'><strong>is</strong></span> 
     </span>
     <span class='ocr_line' id='line_1_117' title="bbox 925 2703 1708 2740; baseline -0.009 -4"><span class='ocrx_word' id='word_1_852' title='bbox 925 2718 1013 2737; x_wconf 89' lang='lat' dir='ltr'><strong>aerem</strong></span> <span class='ocrx_word' id='word_1_853' title='bbox 1039 2710 1173 2740; x_wconf 73' lang='lat' dir='ltr'><strong>:itti-altat,</strong></span> <span class='ocrx_word' id='word_1_854' title='bbox 1194 2708 1376 2740; x_wconf 79' lang='lat' dir='ltr'><strong>continuoque</strong></span> <span class='ocrx_word' id='word_1_855' title='bbox 1399 2706 1523 2740; x_wconf 87' lang='lat' dir='ltr'><strong>spiritum</strong></span> <span class='ocrx_word' id='word_1_856' title='bbox 1551 2705 1642 2731; x_wconf 84' lang='lat' dir='ltr'><strong>ducat.</strong></span> <span class='ocrx_word' id='word_1_857' title='bbox 1660 2703 1708 2729; x_wconf 77' lang='lat' dir='ltr'><strong>Est</strong></span> 
     </span>
     <span class='ocr_line' id='line_1_118' title="bbox 926 2749 1705 2785; baseline -0.01 -4"><span class='ocrx_word' id='word_1_858' title='bbox 926 2756 996 2782; x_wconf 87' lang='lat' dir='ltr'><strong>enim</strong></span> <span class='ocrx_word' id='word_1_859' title='bbox 1010 2756 1061 2782; x_wconf 79' lang='lat' dir='ltr'><strong>lioc</strong></span> <span class='ocrx_word' id='word_1_860' title='bbox 1080 2755 1171 2782; x_wconf 67' lang='lat' dir='ltr'><strong>viscus</strong></span> <span class='ocrx_word' id='word_1_861' title='bbox 1185 2761 1286 2785; x_wconf 74' lang='lat' dir='ltr'><strong>rartmi,</strong></span> <span class='ocrx_word' id='word_1_862' title='bbox 1304 2757 1329 2779; x_wconf 77' lang='lat' dir='ltr'><strong>ct</strong></span> <span class='ocrx_word' id='word_1_863' title='bbox 1347 2756 1450 2779; x_wconf 82' lang='lat' dir='ltr'><strong>meatus</strong></span> <span class='ocrx_word' id='word_1_864' title='bbox 1465 2750 1628 2784; x_wconf 67' lang='lat' dir='ltr'><strong>multiplices</strong></span> <span class='ocrx_word' id='word_1_865' title='bbox 1657 2749 1705 2774; x_wconf 80' lang='lat' dir='ltr'><strong>lia—</strong></span> 
     </span>
     <span class='ocr_line' id='line_1_119' title="bbox 926 2795 1705 2836; baseline -0.01 -8"><span class='ocrx_word' id='word_1_866' title='bbox 926 2802 979 2829; x_wconf 77' lang='lat' dir='ltr'><strong>bet,</strong></span> <span class='ocrx_word' id='word_1_867' title='bbox 1000 2802 1111 2836; x_wconf 66' lang='lat' dir='ltr'><strong>ejusque</strong></span> <span class='ocrx_word' id='word_1_868' title='bbox 1127 2800 1269 2835; x_wconf 62' lang='lat' dir='ltr'><strong>capudines</strong></span> <span class='ocrx_word' id='word_1_869' title='bbox 1295 2807 1388 2826; x_wconf 70' lang='lat' dir='ltr'><strong>ornnes</strong></span> <span class='ocrx_word' id='word_1_870' title='bbox 1416 2798 1491 2832; x_wconf 80' lang='lat' dir='ltr'><strong>quasi</strong></span> <span class='ocrx_word' id='word_1_871' title='bbox 1516 2795 1635 2831; x_wconf 65' lang='lat' dir='ltr'><strong>quxcdam</strong></span> <span class='ocrx_word' id='word_1_872' title='bbox 1659 2801 1705 2828; x_wconf 84' lang='lat' dir='ltr'><strong>per</strong></span> 
     </span>
    </p>
   </div>
  </div>
 </body>
</html>
