1859 2979
136 87 188 115 439

764 93 792 120 S.
813 93 974 121 GREGORll
988 95 1134 124 NYSSEM

1698 101 1751 129 ato

135 145 185 171 viri
201 143 328 179 perfecti.
353 150 379 172 et
402 146 502 180 quibus
516 147 571 182 jam
594 148 677 175 animi
700 156 779 176 sensa
803 158 914 184 perpur-
929 154 952 181 Α
966 151 1046 183 λείοις
1058 152 1168 188 ἀνδράσι
1182 153 1237 184 τοῖς
1252 153 1302 188 ἤδη
1318 152 1532 188 κεκαθαρμένοις
1548 154 1581 180 τὰ
1601 156 1650 189 τῆς
1663 155 1750 192 ψυχῆς

133 195 195 225 gata
212 195 275 218 sunt
287 211 294 224 ‚
310 191 491 219 cruditionem
515 194 585 221 hanc
604 199 795 229 assequantur,
820 196 866 222 scd
885 200 915 221 ut

132 236 254 263 camdem
269 240 296 263 et
314 237 440 265 mulieres
458 238 508 265 sibi
527 243 653 274 tanquam
671 242 808 275 propriam
826 241 914 267 vindi-

131 285 211 313 cent:
239 282 457 318 infamibusque,
481 286 691 319 crepundiorum
712 287 808 318 instar,
834 287 912 314 volu-

132 332 232 361 ptatem
251 330 337 363 pariat
353 339 359 362 ;
375 334 401 356 et
416 330 561 365 decrepitis
576 331 665 359 baculi
689 338 714 359 et
730 333 829 367 quietis
852 333 912 360 loco

130 374 252 408 obtingat
265 383 272 406 ;
287 375 325 402 illi
344 383 424 409 vcro,
441 377 539 411 quibus
562 382 626 405 aetas
650 378 738 413 viget,
759 379 840 412 hujus
864 378 912 406 do-

130 421 225 446 rtrinae
237 420 337 447 donum
353 429 433 448 suum
450 430 511 449 csse
525 422 680 450 existiment
695 433 701 456 ;
721 424 743 450 is
759 428 847 450 autem
866 424 911 458 qui

129 465 201 491 tristi
219 469 260 492 cst
277 466 368 492 animo
383 471 409 492 et
426 467 495 494 male
513 467 608 495 ass'ct‘to
625 468 660 494 ob
675 472 801 495 eventum
819 476 911 502 quem-

129 510 217 543 piam,
243 516 353 546 propter
377 521 405 539 se
430 513 571 547 scripturae
597 513 678 547 hujus
702 514 815 547 gratiam
842 513 910 540 divi-

128 555 202 581 nitus
223 556 333 583 missam
355 565 415 583 csse
439 558 540 584 credat.
563 557 602 584 Ad
621 558 695 589 haee,
718 558 765 592 qui
789 558 839 585 iter
862 566 909 586 seu

128 604 199 625 terra
225 608 273 626 seu
295 601 363 627 mari
383 601 505 633 faciunt,
525 602 626 636 quique
646 602 815 629 sedentarias
837 607 909 630 artes

127 649 274 677 exercent,
299 649 325 672 ct
350 650 378 672 ut
402 654 457 673 rem
482 647 509 673 111
530 654 615 681 pauca
636 647 790 679 conseram,
814 655 909 676 onmes

127 694 180 715 tam
197 691 248 716 viri
264 699 344 725 quam
368 692 513 723 mulieres,
535 692 717 726 quodcunque
738 694 798 720 vitae
822 702 908 727 genus

127 739 275 767 sectentur,
293 736 356 770 :egri
374 736 454 763 simul
477 744 509 764 ac
533 737 619 770 firmi,
647 738 776 764 damnum
800 746 829 766 se
853 741 907 773 pati

125 781 306 812 arbitrantur,
324 781 346 808 si
365 789 417 808 non
435 789 542 817 semper
559 783 586 809 in
606 791 653 810 ore
675 784 817 810 sublimem
837 785 906 812 hane

126 825 325 852 institutionem
350 827 553 854 circumferant.
573 827 631 854 Jam
653 836 717 855 vero
738 833 764 855 et
781 830 905 856 convivia

125 875 150 894 vt
167 871 301 904 nuptiales
315 871 465 899 hilaritates
479 873 676 908 philosophiam
696 874 780 907 hane,
797 879 826 901 ut
842 883 905 909 par-

125 921 179 942 tem
197 917 312 948 laetitiae,
329 917 386 945 suis
402 918 620 952 jucunditatibus
634 920 789 951 asciscunt,
813 924 843 946 ut
865 926 906 947 ta-

125 968 236 988 ceamus
252 962 371 988 divinam
390 963 463 989 illam
482 963 508 989 in
526 965 668 991 nocturnis
691 964 840 999 pervigiliis
859 974 907 1000 per

122 1007 242 1039 psalmos
259 1008 364 1034 institui
380 1009 489 1035 solitam
507 1009 682 1043 hymnodiam
697 1031 703 1041 ,
723 1010 906 1046 Ecclesiaeque

122 1051 150 1078 in
178 1052 221 1079 his
250 1052 427 1081 decantandis
451 1057 604 1081 accuratam
630 1054 812 1082 sedulitatem.

157 1130 223 1161 Quae
240 1130 320 1165 igitur
335 1138 418 1158 causa
433 1131 577 1158 ineffabilis
593 1132 664 1159 illius
678 1133 836 1167 voluptatis,
854 1141 907 1168 qua

121 1180 218 1203 cantus
233 1184 298 1203 suos
314 1184 428 1212 maguus
439 1177 522 1204 David
536 1178 655 1212 perfudit
669 1187 675 1211 ;
691 1179 725 1205 ob
740 1187 820 1213 quam
837 1180 906 1206 adeo

119 1226 196 1256 grata
218 1227 243 1249 ct
258 1228 367 1257 accepta
379 1227 421 1250 est
446 1224 606 1251 mortalibus
631 1224 798 1252 Psalmorum
821 1226 906 1253 disci-

119 1268 217 1302 plina?
242 1267 371 1295 Fortasse
392 1269 479 1296 cuivis
503 1275 658 1304 promptum
681 1270 763 1297 suerit
796 1278 906 1297 causam

119 1313 221 1345 dicere,
233 1319 343 1348 propter
357 1322 439 1348 quam
450 1314 517 1341 adeo
527 1315 704 1347 delectamur,
717 1324 778 1342 cum
790 1316 822 1343 ad
832 1317 907 1343 Psal-

120 1368 179 1386 mos
194 1367 285 1386 curam
302 1363 328 1386 et
345 1360 536 1394 cogitationem
553 1361 746 1388 convertimus.
757 1360 906 1388 Verborum

118 1406 190 1432 cnim
222 1406 367 1432 melodiam
395 1410 540 1440 aptamque
562 1406 775 1433 concinnitatem
795 1415 906 1434 eausam

117 1458 190 1483 esse,
200 1458 248 1477 0111
261 1454 335 1476 tanta
351 1451 449 1477 mentis
463 1450 607 1477 dulcedine
618 1451 714 1478 ‹teillis
727 1451 904 1478 disseramus.

118 1495 174 1530 Ego
184 1503 258 1527 vero,
274 1495 325 1522 etsi
336 1495 362 1522 id
378 1504 471 1522 verum
486 1504 546 1523 csse
562 1496 657 1524 lubens
669 1496 766 1529 fateor,
779 1497 905 1524 existimo
920 1488 940 1516 C

117 1546 207 1568 tamen
219 1541 271 1568 hoc
283 1541 371 1576 ipsum
385 1549 439 1568 non
455 1543 671 1575 praetercundum
682 1562 689 1574 ,
701 1542 747 1569 sed
762 1543 905 1576 diligenter

117 1586 317 1613 discutiendum
329 1594 401 1614 esse.
416 1586 527 1613 Videtur
542 1588 614 1614 enim
631 1589 719 1621 majus
734 1588 862 1622 quiddam
877 1594 904 1615 ct

117 1632 293 1665 praestantius
319 1631 452 1658 insinuari
477 1640 558 1666 quam
587 1633 663 1671 iiiulti
689 1633 831 1666 judicent,
856 1641 903 1667 per

117 1677 317 1711 philosophiam
335 1678 360 1704 in
374 1678 488 1705 melodia
504 1679 704 1713 verborumque
717 1680 902 1706 modulatione

117 1724 208 1750 sitam.
227 1723 298 1756 Quid
320 1724 403 1758 igitur
425 1729 483 1757 est,
505 1726 578 1760 quod
597 1726 679 1752 volo?
699 1726 796 1752 Audivi
813 1735 902 1760 quem-

116 1769 177 1795 ·lam
194 1778 225 1795 cx
243 1770 395 1804 sapientum
413 1779 543 1803 numero,
560 1780 621 1799 eum
639 1772 672 1798 de
689 1776 785 1798 natura
803 1778 899 1799 nostra

116 1815 270 1847 dissereret,
281 1816 413 1843 assirmare
422 1817 556 1844 hominem
567 1825 627 1844 csse
636 1825 748 1851 parvum
756 1818 898 1849 inondum,

116 1862 206 1886 onmia
223 1862 248 1888 in
264 1870 292 1888 se
308 1863 530 1896 complectentem
544 1883 550 1894 ‚
568 1871 627 1897 qua)
642 1864 668 1889 in
684 1872 782 1897 magno
799 1864 900 1890 mundo

116 1908 300 1941 reperiuntur.
324 1909 358 1934 At
381 1909 500 1935 universi
524 1909 607 1942 hujus
629 1909 773 1943 dispositio
794 1909 899 1936 musica

114 1954 238 1988 quaedam
257 1955 397 1981 harmonia
414 1959 439 1981 et
456 1955 644 1982 convenientia
660 1959 716 1985 est,
739 1955 899 1982 multiformi

115 1999 231 2031 quodam
248 2000 379 2033 varioque
394 1999 489 2026 ordine
503 2005 530 2026 et
546 2000 731 2026 concinnitate
745 2007 836 2026 secum
852 2008 898 2025 co-

114 2046 222 2080 pulata,
238 2047 343 2080 sibique
362 2047 421 2080 ipsa
438 2047 631 2078 consenticns;
655 2054 670 2072 a
691 2054 744 2080 quo
763 2051 897 2073 concentu

113 2092 188 2117 nullo
202 2099 319 2125 unquam
334 2097 454 2126 tempore
468 2092 546 2118 avelli
562 2095 665 2126 potest,
682 2092 742 2117 licct
758 2092 896 2125 multiplex

965 198 1126 234 αἰσθητήρια
1143 199 1192 234 τὴν
1211 198 1382 225 διδασκαλίαν
1405 199 1506 234 ταύτην
1536 200 1748 234 σπουδάζεσθαι,

964 243 1040 270 ἀλλὰ
1055 244 1099 269 καὶ
1115 244 1164 279 τῆς
1186 243 1400 276 γυναικωνίτιδος
1419 243 1481 269 ἰ’διον
1506 244 1629 277 γενέσθαι
1648 246 1748 280 κτῆμα,

964 289 1011 314 καὶ
1023 289 1128 324 νηπίοις
1144 289 1181 321 ὥς
1198 298 1224 315 τι
1243 289 1295 316 τῶν
1311 289 1473 324 ἀθυρμάτων
1488 290 1582 326 ἡδονὴν
1590 291 1690 326 φέρειν,
1704 293 1750 318 καὶ

963 335 1018 365 τοῖς
1039 335 1276 370 παρηλικεστέροις
1305 335 1359 369 (27)
1381 335 1440 361 ἀντὶ
1469 335 1617 371 βακτηρίας
1643 345 1673 362 τε
1702 338 1749 364 καὶ

963 379 1140 411 ἀναπαύσεως
1156 381 1286 414 γίνεσθαι,
1304 381 1349 406 τόν
1365 389 1394 406 τε
1412 381 1632 415 φαιδρυνόμενον,
1650 382 1747 408 ἑαυτοῦ

962 425 1080 460 νομίζειν
1106 424 1172 452 εἶναι
1199 426 1246 460 τῆς
1274 426 1446 457 διδασκαλίας
1469 426 1569 461 ταύτης
1592 427 1622 453 τὸ
1645 428 1747 462 δῶρον·

962 471 1008 497 καὶ
1024 471 1067 497 τὸν
1082 471 1249 506 σκυθρωπῶς
1265 474 1296 498 ἐκ
1316 473 1499 507 περιστάσεως
1522 473 1699 508 διακείμενον,
1714 473 1748 500 δι’

961 517 1040 543 αὑτὸν
1055 517 1157 544 οἴεσθαι
1176 517 1224 552 τὴν
1239 518 1365 552 τοιαύτην
1385 518 1435 552 τῆς
1456 518 1564 553 γραφῆς
1580 519 1658 553 χάριν
1674 519 1746 545 δεδό-

961 562 1032 588 σθαι.
1054 562 1268 597 Ὁδοιποροῦντές
1296 571 1324 588 τε
1350 563 1417 598 πρὸς
1444 564 1547 594 τούτοις
1572 564 1618 589 καὶ
1647 563 1745 590 θαλατ-

959 607 1081 639 τεύοντες
1106 608 1258 643 ἄνθρωποι,
1283 609 1299 643 ’ή
1322 617 1392 634 τισιν
1417 609 1578 643 ἐπιδιφρίοις
1604 609 1746 643 ἐργασίαις

959 654 1231 688 προσασχολούμενοι,
1260 655 1305 680 καὶ
1329 654 1427 685 πάντες
1453 654 1508 689 (⁵25)
1530 655 1694 687 ἁπαξαπλῶς
1716 656 1744 681 ἐν

959 701 1041 726 πᾶσιν
1067 701 1274 735 ἐπιτηδεύμασιν
1301 701 1395 735 ἄνδρες
1423 709 1452 726 τε
1479 700 1524 726 καὶ
1549 702 1688 733 γυναῖκες,
1714 701 1743 726 ἑν

960 746 1037 781 ὑγεία
1052 755 1080 772 τε
1098 747 1144 772 καὶ
1159 747 1307 781 ἀρρωστίᾳ,
1320 746 1419 781 ζημίαν
1436 745 1583 777 ποιοῦνται,
1599 745 1629 771 τὸ
1647 745 1683 781 μὴ
1699 746 1742 772 διὰ

960 791 1091 825 στόματος
1115 791 1163 826 τὴν
1191 791 1293 826 ὑψηλὴν
1317 791 1418 826 ταύτην
1445 790 1615 817 διδασκαλίαν
1640 791 1741 825 φέρειν.

923 820 944 848 Β
960 836 1030 870 ’Ήδη
1048 835 1075 861 δὲ
1100 837 1146 862 καὶ
1163 836 1197 862 τὰ
1218 837 1363 871 συμπόσια,
1384 836 1431 862 καὶ
1455 837 1482 862 αἱ
1499 836 1614 871 γαμικαὶ
1636 837 1743 870 φαιδρο-

958 890 1045 915 τητες,
1064 881 1101 913 ὡς
1119 881 1200 916 μέρος
1222 881 1388 916 εὐφροσύνης
1409 881 1456 916 τὴν
1472 882 1627 915 φιλοσοφίαν
1643 882 1742 916 ταύτην

959 928 986 953 ἐν
1013 928 1073 958 ταῖς
1099 927 1240 962 θυμηδίαις
1266 927 1532 962 παραλαμῧάνουσιν,
1549 927 1592 953 ἵνα
1614 927 1743 962 παρῶμεν

957 972 1005 1005 τὴν
1020 971 1107 997 ἔνθεον
1129 973 1157 997 ἐν
1178 972 1238 1001 ταῖς
1263 971 1403 1005 παννυχίσι
1422 971 1465 996 διὰ
1481 971 1581 997 τούτων
1598 971 1741 1006 ὑμνῳδίαν,

958 1018 1003 1043 καὶ
1022 1017 1074 1043 τῶν
1099 1017 1248 1052 ἐκκλησιῶν
1271 1016 1491 1051 ἐσπουδασμένην
1506 1017 1534 1043 ἐν
1552 1016 1654 1048 τούτοις
1670 1017 1743 1051 φιλο-

960 1063 1062 1096 σοφίαν.

993 1141 1039 1173 Τίς
1055 1141 1100 1168 οὖν
1112 1142 1128 1176 ἡ
1141 1142 1245 1168 ἐπίνοια
1265 1143 1314 1177 τῆς
1334 1143 1471 1178 ἁφρὰστου
1489 1143 1589 1178 ταύτης
1608 1143 1654 1169 καὶ
1669 1142 1742 1174 θείας

958 1188 1063 1222 ἡδονῆς,
1078 1188 1110 1222 ἣν
1125 1188 1235 1222 κατέχεε
1250 1188 1303 1214 τῶν
1319 1189 1488 1223 διδαγμάτων
1512 1190 1525 1214 ὁ
1548 1189 1633 1222 μέγας
1650 1188 1740 1219 Δαὸὶδ,

957 1233 1000 1259 διὰ
1020 1232 1053 1268 ἧς
1078 1233 1147 1259 οὕτω
1175 1233 1287 1267 γέγονεν
1308 1234 1508 1268 εύπαρὰδεκτον
1535 1235 1568 1268 τῇ
1591 1234 1669 1267 φύσει
1689 1233 1743 1259 τῶν

957 1279 1106 1313 ἀνθρώπων
1130 1279 1160 1304 τὸ
1185 1279 1314 1314 μαθημα;
1338 1280 1479 1314 πρόχειρον
1501 1280 1549 1314 μὲν
1574 1280 1637 1310 ἴσως
1663 1279 1743 1305 παντὶ

957 1325 1041 1350 εἰπεῖν
1056 1323 1103 1358 τὴν
1121 1324 1218 1355 αἰτίαν,
1240 1324 1298 1350 καθ’
1315 1325 1347 1358 ἣν
1368 1325 1396 1350 ὲν
1417 1325 1496 1359 ἡδονῇ
1510 1325 1558 1359 τὴν
1583 1326 1611 1350 ἐν
1639 1325 1742 1355 τούτοις

959 1369 1072 1404 μελέτην
1087 1368 1243 1404 ποιούμεθα·
1261 1369 1290 1395 τὸ
1307 1369 1360 1403 γὰρ
1381 1369 1506 1404 μελῳδεῖν
1523 1369 1555 1395 τὰ
1571 1369 1688 1405 ῥήματα,
1703 1368 1742 1394 εἴ-

958 1425 1002 1442 ποι
1016 1425 1056 1447 τις
1069 1416 1101 1442 ἂν
1114 1417 1197 1442 αἴτιον
1220 1414 1287 1441 εἶναι
1312 1415 1358 1440 τοῦ
1383 1414 1440 1449 μεθ’
1453 1414 1547 1449 ἡδονῆς
1562 1414 1625 1449 περὶ
1641 1414 1741 1440 τούτων

957 1463 1090 1495 διεξιέναι.
1114 1463 1182 1496 Ἐγὼ
1200 1462 1228 1488 δε
1249 1461 1299 1488 κᾶν
1312 1458 1435 1495 ἁληθὲςῇ
1452 1460 1539 1491 τοῦτο,
1556 1460 1626 1494 φημὶ
1637 1459 1689 1485 δεῖν
1705 1459 1743 1494 μὴ

957 1509 1078 1543 παριδεῖν
1092 1508 1265 1542 ’ἀθεώρητον.
1279 1507 1368 1532 ’Έοικε
1393 1506 1446 1541 γὰρ
1470 1505 1559 1540 μεῖζόν
1581 1505 1648 1539 τι,ἢ
1672 1505 1742 1530 κατὰ

955 1555 1003 1589 τὴν
1026 1554 1079 1580 τῶν
1099 1553 1201 1579 πολλῶν
1219 1552 1334 1578 διάνοιαν
1359 1550 1565 1586 ὑποσημαίνειν,
1588 1551 1604 1585 ἡ
1626 1549 1669 1575 διὰ
1691 1549 1741 1583 τῆς

956 1599 1085 1634 μελῳδίας
1105 1597 1255 1631 φιλοσοφία.
1271 1596 1302 1621 Τί
1326 1594 1371 1622 οὖν
1396 1596 1468 1621 ἐστιν
1485 1595 1499 1620 ὃ
1519 1594 1602 1628 φημί;
1619 1594 1741 1620 ’Ήκουσά

953 1653 1024 1675 τινος
1038 1644 1091 1670 τῶν
1107 1644 1194 1678 σοφῶν
1209 1644 1253 1670 τὸν
1268 1643 1332 1678 περὶ
1348 1643 1397 1677 τῆς
1414 1642 1519 1676 φύσεως
1536 1642 1613 1676 ήμῶν
1633 1641 1741 1673 διεξιόν-

953 1699 997 1722 τος
1015 1690 1103 1724 λόγον,
1117 1690 1157 1716 ὅτι
1175 1689 1270 1724 μικρός
1293 1697 1333 1719 τις
1358 1688 1456 1722 κόσμος
1472 1687 1544 1712 ἐστὶν
1559 1687 1572 1712 ὁ
1588 1686 1740 1721 ἄνθρωπος,

953 1737 1040 1762 πάντα
1052 1736 1119 1770 ἔχων
1136 1736 1163 1760 ἐν
1183 1734 1269 1769 ἑαυτῷ
1281 1734 1313 1760 τὰ
1333 1733 1379 1759 τοῦ
1403 1733 1518 1767 μεγάλου
1535 1733 1646 1767 κόσμου.
1668 1732 1699 1757 'tl
1712 1731 1738 1756 δὲ

952 1782 998 1807 τοῦ
1021 1781 1120 1811 παντὸς
1142 1780 1328 1814 διακόσμησις,
1348 1779 1463 1814 ἁρμονία
1481 1779 1520 1809 τίς
1542 1779 1599 1803 ἐστι
1625 1777 1738 1812 μουσικὴ

952 1825 1095 1855 πολυειδῶς
1110 1825 1157 1850 καὶ
1175 1824 1302 1854 ποικίλως
1324 1824 1393 1849 κατά
1412 1832 1470 1849 τινα
1488 1822 1562 1854 τάξιν
1581 1823 1627 1848 καὶ
1640 1821 1739 1856 ῥυθμὸν

952 1868 1018 1902 πρὸς
1036 1867 1131 1902 ἑαυτὴν
1148 1867 1317 1901 ήρμοσμένη,
1340 1868 1385 1893 καὶ
1408 1868 1490 1901 ἑαυτῇ
1517 1867 1675 1900 συνᾴδουσα,
1693 1866 1739 1891 καὶ

952 1913 1084 1947 μηδέποτε
1109 1913 1163 1946 (29)
1179 1913 1227 1946 τῆς
1249 1912 1405 1946 συμφωνίας
1431 1911 1532 1946 ταύτης
1553 1910 1737 1944 διασπωμένη,

950 1959 973 1983 εἰ
988 1958 1032 1983 καὶ
1049 1957 1129 1991 πολλή
1151 1965 1192 1988 τις
1210 1957 1238 1982 ἐν
1260 1957 1315 1987 τοῖς
1341 1956 1399 1982 καθ’
1413 1956 1525 1982 ἕκαστον
1546 1956 1562 1989 ἠ
1584 1955 1637 1981 τῶν
1655 1955 1738 1980 ὄντων

949 2003 1062 2038 διαφορὰ
1076 2003 1225 2037 Θεωρεῖται.
1243 1999 1303 2027 Οἶον
1323 2003 1375 2036 γὰρ
1393 2003 1438 2027 ἐπὶ
1452 2002 1497 2028 τοῦ
1514 2001 1650 2036 πλήκτρου
1667 2000 1738 2034 γίνε-

948 2057 992 2074 ται
1005 2048 1050 2074 τοῦ
1066 2048 1196 2082 τεχνικῶς
1209 2048 1359 2081 ἁπτομένου
1377 2047 1429 2073 τῶν
1445 2047 1539 2079 τόνων,
1558 2046 1603 2072 καὶ
1618 2046 1647 2071 τὸ
1660 2045 1738 2080 μέλος

948 2092 976 2118 ἐν
1001 2094 1033 2127 τῇ
1049 2092 1168 2126 ποικιλίᾳ
1188 2092 1240 2117 τῶν
1264 2091 1389 2125 φθόγγων
1414 2091 1596 2126 προάγοντος,
1620 2090 1656 2121 ὡς
1681 2091 1736 2123 εἴγε

113 2138 149 2164 sit
165 2138 191 2163 in
207 2137 322 2172 singulis
339 2145 428 2163 rerum
448 2137 592 2171 generibus
605 2137 758 2163 differentia
772 2141 798 2163 et
813 2142 897 2163 niuta-
915 2157 936 2184 D
951 2138 1086 2172 μονοειδής
1101 2146 1141 2168 τις
1156 2138 1183 2163 ἐν
1197 2138 1277 2163 πᾶσιν
1297 2138 1310 2162 ὁ
1324 2137 1439 2170 φθόγγος
1453 2135 1497 2172 ἦν,
1509 2137 1561 2162 οὐδ’
1576 2136 1608 2162 ἂν
1624 2135 1737 2170 συνέστη

113 2183 161 2209 tio.
183 2182 260 2214 Quod
276 2183 346 2209 enim
371 2183 397 2209 111
420 2183 521 2216 plectro
546 2190 592 2209 seu
620 2183 819 2213 instrumento,
843 2191 896 2217 quo

112 2229 236 2254 musicus
253 2228 350 2259 utitur,
366 2228 517 2262 contingit,
533 2228 597 2253 dum
614 2228 763 2254 artificiose
780 2228 896 2255 chordas

112 2274 214 2307 tangit,
239 2277 457 2307 concentumque
480 2273 612 2299 varietate
637 2280 765 2298 sonorum
788 2275 897 2300 concin-

111 2327 176 2344 num
201 2320 340 2353 producit,
361 2320 397 2346 ita
424 2324 452 2345 ut
474 2319 496 2345 si
521 2320 547 2345 in
573 2320 700 2346 omnibus
721 2320 790 2345 idern
812 2328 910 2347 sonus-

111 2369 199 2393 cssct,
223 2371 393 2398 nequaquam
416 2363 520 2389 varium
543 2363 607 2389 illud
625 2364 709 2390 melos
725 2364 893 2390 ellit-eretur:

111 2408 181 2433 idvm
196 2408 222 2434 in
238 2409 319 2442 hujus
333 2408 450 2436 universi
465 2413 678 2442 temperamento
693 2409 788 2435 accidit
803 2418 808 2441 ;
824 2410 895 2443 qnod

109 2461 141 2478 cx
160 2453 338 2487 singularium
355 2461 445 2479 rerum
461 2453 641 2479 mutabilitate
656 2457 787 2479 constans
799 2473 805 2484 ,
822 2454 894 2480 ordi-

111 2503 172 2523 nata
198 2498 314 2532 quadam
334 2503 360 2524 ct
381 2499 542 2524 immutabili
561 2499 630 2524 serie
654 2503 679 2525 ct
706 2500 893 2526 convenientia

111 2544 162 2570 sibi
184 2545 364 2574 connectitur,
380 2545 551 2578 partiumque
571 2551 631 2569 cum
647 2547 704 2569 toto
720 2545 892 2571 concordiam

112 2595 138 2614 vt
165 2589 394 2623 conspirationem
420 2589 555 2619 cllicicns.
584 2589 769 2615 harmonicam
795 2590 892 2621 istam,

111 2634 216 2668 sibique
242 2642 274 2660 ex
295 2635 366 2660 omni
390 2639 465 2668 parto
488 2634 676 2661 concinentem
699 2634 841 2661 melodiam
869 2641 894 2662 ct

147 2740 200 2771 (127)
219 2740 520 2773 111ρηλικωτέροις,(·11.

148 2774 202 2810 428)
215 2776 244 2800 0⁷.
259 2775 319 2800 add.
338 2776 378 2801 cd.

949 2184 1056 2214 πάντως
1072 2184 1101 2209 τὸ
1117 2183 1209 2217 μέλο;’
1223 2183 1307 2214 οὓτως
1324 2183 1369 2209 καὶ
1388 2184 1404 2215 ἡ
1420 2183 1465 2209 τοῦ
1482 2183 1580 2214 παντὸς
1594 2183 1689 2217 κρᾶσις
1708 2183 1738 2207 ὲν

950 2230 1080 2260 ποικίλοις
1094 2229 1145 2254 τῶν
1161 2228 1219 2254 καθ’
1232 2229 1343 2254 ἕκαστον
1369 2229 1396 2254 ἐν
1417 2228 1455 2263 τῷ
1476 2229 1569 2262 κόσμῳ
1585 2227 1735 2262 θεωρουμέ-

950 2284 1001 2301 νων
1015 2275 1057 2301 διά
1070 2283 1141 2304 τινος
1153 2274 1317 2307 τεταγμένου
1330 2282 1357 2299 τε
1377 2274 1422 2299 καὶ
1437 2273 1612 2308 διπαραίῖἁτου
1634 2272 1735 2307 ῥυθμοῦ

950 2320 1016 2354 αὑτὴ
1032 2319 1130 2353 ἑαυτῆς
1142 2319 1290 2353 ἁπτομένη,
1307 2319 1352 2345 καὶ
1371 2319 1419 2353 τὴν
1434 2318 1486 2344 τῶν
1513 2318 1601 2353 μερῶν
1621 2318 1687 2352 πρὸς
1707 2317 1737 2342 τὸ

949 2367 1007 2393 ὅλον
1021 2365 1200 2400 εὐαρμοστίαν
1212 2365 1390 2399 ἐργαζομένη,
1406 2365 1453 2399 τῆν
1470 2365 1651 2399 παναρμόνιον
1669 2363 1736 2389 ταύ-

948 2421 996 2447 την
1013 2413 1041 2437 ὲν
1058 2411 1096 2446 τῷ
1111 2410 1191 2436 παντὶ
1206 2411 1367 2444 μουσουργεῖ
1382 2410 1524 2444 μελῳδίαν,
1546 2408 1579 2444 ἧς
1601 2409 1736 2443 ἀκροατὴς

948 2459 961 2483 ο
976 2457 1037 2488 νοῦς
1051 2457 1161 2490 γίνεται,
1179 2456 1237 2481 κατ’
1250 2455 1324 2481 οὐδὲν
1345 2457 1377 2489 τῇ
1393 2456 1459 2489 ἀκοῇ
1475 2454 1560 2489 ταύτῃ
1581 2453 1737 2488 συγχρώμε-
1753 2471 1755 2476 f

947 2548 1001 2573 ἅνω
1016 2548 1168 2581 γενόμενος,
1183 2546 1268 2576 οὕτως
1287 2546 1376 2571 ἐπαΐει
1392 2545 1440 2579 τῆς
1463 2544 1515 2570 τῶν
1532 2544 1653 2578 οὐρανῶν
1673 2544 1736 2577 ὑμν-

948 2592 1039 2626 ῳδίαις.
1057 2593 1105 2622 ’Ὡς
1124 2600 1167 2626 μοι
1185 2592 1256 2617 δοκεῖ
1281 2591 1327 2617 καὶ
1349 2592 1362 2616 ὁ
1382 2591 1465 2625 μέγας
1485 2589 1629 2624 ἀκηκοέναι
1646 2589 1725 2616 Δαῧὶδ

947 2638 989 2663 ὅτε
1021 2638 1064 2663 διὰ,
1089 2637 1139 2671 τῆς
1166 2636 1352 2671 θεωρουμένης
1374 2636 1461 2666 αὐτοῖς
1487 2635 1611 2669 τεχνικῆς
1634 2643 1663 2660 τε
1690 2634 1733 2661 καὶ

985 2746 1039 2780 (29)
1057 2747 1100 2781 Μή
1106 2755 1178 2776 zon,
1195 2746 1236 2771 ed.
